timestamp,t,e,tk,lp,pc,ft,v,bp1,sp1,bq1,sq1,ap,oi,h,_id
2023-12-08 13:36:19.310989,tf,NFO,39172,260.65,2.18,1702022776,52027470,260.15,260.60,165,30,,,,
2023-12-08 13:36:19.427135,tf,NFO,39172,260.45,2.10,1702022776,,,,,,,,,
2023-12-08 13:36:19.429338,tf,NFO,39172,258.20,1.22,1702022777,52029825,258.05,258.40,15,,,,,
2023-12-08 13:36:19.430856,tf,NFO,39172,256.95,0.73,1702022777,,,,,,,,,
2023-12-08 13:36:19.433860,tf,NFO,39172,257.15,0.80,1702022778,52041330,256.90,257.25,105,75,292.49,,,
2023-12-08 13:36:19.435859,tf,NFO,39172,257.80,1.06,1702022778,,,,,,,,,
2023-12-08 13:36:19.438855,tf,NFO,39172,258.05,1.16,1702022779,52044180,258.50,258.95,165,15,,,,
2023-12-08 13:36:19.709372,tf,NFO,39172,258.90,1.49,1702022779,52044690,258.65,,360,45,,,,
2023-12-08 13:36:19.908269,tf,NFO,39172,259.15,1.59,1702022779,,,,,,,,,
2023-12-08 13:36:20.910837,tf,NFO,39172,257.35,0.88,1702022780,52046250,257.35,257.80,150,15,,,,
2023-12-08 13:36:21.911718,tf,NFO,39172,257.90,1.10,1702022781,52053555,257.95,258.25,15,30,292.48,,,
2023-12-08 13:36:22.911828,tf,NFO,39172,258.40,1.29,1702022782,,,,,,,,,
2023-12-08 13:36:23.110441,tf,NFO,39172,258.50,1.33,1702022783,52059810,258.15,258.55,120,45,,,,
2023-12-08 13:36:23.712296,tf,NFO,39172,259.45,1.71,1702022783,52060485,259.05,259.45,105,195,,,,
2023-12-08 13:36:23.920287,tf,NFO,39172,259.50,1.72,1702022783,,,,,,,,,
2023-12-08 13:36:24.915322,tf,NFO,39172,259.15,1.59,1702022784,,,,,,,,,
2023-12-08 13:36:25.910374,tf,NFO,39172,258.90,1.49,1702022785,,,,,,,,,
2023-12-08 13:36:26.117542,tf,NFO,39172,259.50,1.72,1702022786,52069005,259.15,259.45,180,60,,,,
2023-12-08 13:36:26.915628,tf,NFO,39172,259.45,1.71,1702022786,,,,,,,,,
2023-12-08 13:36:27.116834,tf,NFO,39172,259.60,1.76,1702022787,52070295,259.60,259.80,105,15,,,,
2023-12-08 13:36:27.716252,tf,NFO,39172,259.90,1.88,1702022787,52073220,,259.95,,,,,,
2023-12-08 13:36:28.719865,tf,NFO,39172,260.00,1.92,1702022788,52075500,259.90,260.00,210,465,,,,
2023-12-08 13:36:28.917744,tf,NFO,39172,259.95,1.90,1702022788,,,,,,,,,
2023-12-08 13:36:29.719956,tf,NFO,39172,260.60,2.16,1702022789,52079925,260.40,260.70,90,255,292.46,,,
2023-12-08 13:36:29.914834,tf,NFO,39172,260.65,2.18,1702022789,,,,,,,,,
2023-12-08 13:36:30.913211,tf,NFO,39172,262.05,2.72,1702022790,,,,,,,,,
2023-12-08 13:36:31.730704,tf,NFO,39172,260.90,2.27,1702022791,52091430,260.50,260.95,105,45,,,,
2023-12-08 13:36:31.912590,tf,NFO,39172,261.35,2.45,1702022791,,,,,,,,,
2023-12-08 13:36:32.728082,tf,NFO,39172,261.45,2.49,1702022792,52102515,261.10,261.60,,705,292.45,,,
2023-12-08 13:36:32.915969,tf,NFO,39172,261.75,2.61,1702022792,,,,,,,,,
2023-12-08 13:36:33.730571,tf,NFO,39172,260.75,2.21,1702022793,52105845,260.70,261.15,135,60,,,,
2023-12-08 13:36:33.914453,tf,NFO,39172,261.25,2.41,1702022793,,,,,,,,,
2023-12-08 13:36:34.728357,tf,NFO,39172,261.65,2.57,1702022794,52110195,261.15,261.65,450,,,,,
2023-12-08 13:36:35.746629,tf,NFO,39172,261.70,2.59,1702022795,52112040,261.20,,60,45,,,,
2023-12-08 13:36:35.916523,tf,NFO,39172,261.20,2.39,1702022795,,,,,,,,,
2023-12-08 13:36:35.920519,tf,NFO,39172,261.70,2.59,1702022795,52112040,261.20,,60,45,,,,
2023-12-08 13:36:35.927517,tf,NFO,39172,261.20,2.39,1702022795,,,,,,,,,
2023-12-08 13:36:36.735505,tf,NFO,39172,262.75,3.00,1702022796,52118250,262.50,262.80,75,90,292.44,,,
2023-12-08 13:36:36.736503,tf,NFO,39172,262.75,3.00,1702022796,52118250,262.50,262.80,75,90,292.44,,,
2023-12-08 13:36:36.915391,tf,NFO,39172,262.60,2.94,1702022796,,,,,,,,,
2023-12-08 13:36:36.915391,tf,NFO,39172,262.60,2.94,1702022796,,,,,,,,,
2023-12-08 13:36:37.733390,tf,NFO,39172,262.90,3.06,1702022797,52124250,262.40,,195,360,,,,
2023-12-08 13:36:37.733390,tf,NFO,39172,262.90,3.06,1702022797,52124250,262.40,,195,360,,,,
2023-12-08 13:36:38.736371,tf,NFO,39172,263.80,3.41,1702022798,52127535,263.35,263.80,240,45,,,,
2023-12-08 13:36:38.736371,tf,NFO,39172,263.80,3.41,1702022798,52127535,263.35,263.80,240,45,,,,
2023-12-08 13:36:38.917901,tf,NFO,39172,263.35,3.23,1702022798,,,,,,,,,
2023-12-08 13:36:38.918900,tf,NFO,39172,263.35,3.23,1702022798,,,,,,,,,
2023-12-08 13:36:39.775483,tf,NFO,39172,266.15,4.33,1702022799,52141185,266.15,266.35,75,15,292.43,,,
2023-12-08 13:36:39.775483,tf,NFO,39172,266.15,4.33,1702022799,52141185,266.15,266.35,75,15,292.43,,,
2023-12-08 13:36:39.919144,tf,NFO,39172,265.75,4.17,1702022799,,,,,,,,,
2023-12-08 13:36:39.920147,tf,NFO,39172,265.75,4.17,1702022799,,,,,,,,,
2023-12-08 13:36:40.738613,tf,NFO,39172,266.60,4.51,1702022800,52146975,266.20,266.65,135,45,,,,
2023-12-08 13:36:40.739611,tf,NFO,39172,266.60,4.51,1702022800,52146975,266.20,266.65,135,45,,,,
2023-12-08 13:36:40.921886,tf,NFO,39172,266.40,4.43,1702022800,,,,,,,,,
2023-12-08 13:36:40.921886,tf,NFO,39172,266.40,4.43,1702022800,,,,,,,,,
2023-12-08 13:36:41.742085,tf,NFO,39172,268.60,5.29,1702022801,52163805,268.25,268.60,30,15,292.42,,,
2023-12-08 13:36:41.742085,tf,NFO,39172,268.60,5.29,1702022801,52163805,268.25,268.60,30,15,292.42,,,
2023-12-08 13:36:41.920950,tf,NFO,39172,267.75,4.96,1702022801,,,,,,,,,
2023-12-08 13:36:41.922953,tf,NFO,39172,267.75,4.96,1702022801,,,,,,,,,
2023-12-08 13:36:42.751711,tf,NFO,39172,265.65,4.14,1702022802,52169475,265.20,265.65,75,225,,,,
2023-12-08 13:36:42.753710,tf,NFO,39172,265.65,4.14,1702022802,52169475,265.20,265.65,75,225,,,,
2023-12-08 13:36:42.920605,tf,NFO,39172,266.30,4.39,1702022802,,,,,,,,,
2023-12-08 13:36:42.920605,tf,NFO,39172,266.30,4.39,1702022802,,,,,,,,,
2023-12-08 13:36:43.748970,tf,NFO,39172,266.05,4.29,1702022803,52175730,265.65,266.10,90,75,292.41,,,
2023-12-08 13:36:43.748970,tf,NFO,39172,266.05,4.29,1702022803,52175730,265.65,266.10,90,75,292.41,,,
2023-12-08 13:36:43.922208,tf,NFO,39172,266.20,4.35,1702022803,,,,,,,,,
2023-12-08 13:36:43.922208,tf,NFO,39172,266.20,4.35,1702022803,,,,,,,,,
2023-12-08 13:36:45.750206,tf,NFO,39172,265.05,3.90,1702022805,52185930,265.05,265.60,150,210,,,,
2023-12-08 13:36:45.750206,tf,NFO,39172,265.05,3.90,1702022805,52185930,265.05,265.60,150,210,,,,
2023-12-08 13:36:45.922101,tf,NFO,39172,264.65,3.74,1702022805,,,,,,,,,
2023-12-08 13:36:45.923099,tf,NFO,39172,264.65,3.74,1702022805,,,,,,,,,
2023-12-08 13:36:46.752584,tf,NFO,39172,265.35,4.02,1702022806,52193985,264.95,265.45,330,90,292.40,,,
2023-12-08 13:36:46.753583,tf,NFO,39172,265.35,4.02,1702022806,52193985,264.95,265.45,330,90,292.40,,,
2023-12-08 13:36:46.924476,tf,NFO,39172,264.90,3.84,1702022806,,,,,,,,,
2023-12-08 13:36:46.925477,tf,NFO,39172,264.90,3.84,1702022806,,,,,,,,,
2023-12-08 13:36:47.751961,tf,NFO,39172,265.10,3.92,1702022807,52199370,265.20,265.70,,105,,,,
2023-12-08 13:36:47.752962,tf,NFO,39172,265.10,3.92,1702022807,52199370,265.20,265.70,,105,,,,
2023-12-08 13:36:47.923854,tf,NFO,39172,267.00,4.66,1702022807,,,,,,,,,
2023-12-08 13:36:47.933849,tf,NFO,39172,267.00,4.66,1702022807,,,,,,,,,
2023-12-08 13:36:48.752341,tf,NFO,39172,266.85,4.61,1702022808,52202115,266.95,267.45,165,15,,,,
2023-12-08 13:36:48.752341,tf,NFO,39172,266.85,4.61,1702022808,52202115,266.95,267.45,165,15,,,,
2023-12-08 13:36:48.925233,tf,NFO,39172,266.55,4.49,1702022808,,,,,,,,,
2023-12-08 13:36:48.925233,tf,NFO,39172,266.55,4.49,1702022808,,,,,,,,,
2023-12-08 13:36:49.777703,tf,NFO,39172,264.40,3.65,1702022809,52207185,264.30,264.65,75,90,,,,
2023-12-08 13:36:49.777703,tf,NFO,39172,264.40,3.65,1702022809,52207185,264.30,264.65,75,90,,,,
2023-12-08 13:36:49.925611,tf,NFO,39172,264.85,3.82,1702022809,,,,,,,,,
2023-12-08 13:36:49.925611,tf,NFO,39172,264.85,3.82,1702022809,,,,,,,,,
2023-12-08 13:36:50.766089,tf,NFO,39172,265.45,4.06,1702022810,52211580,265.35,265.80,255,135,292.39,,,
2023-12-08 13:36:50.767088,tf,NFO,39172,265.45,4.06,1702022810,52211580,265.35,265.80,255,135,292.39,,,
2023-12-08 13:36:50.929988,tf,NFO,39172,265.50,4.08,1702022810,,,,,,,,,
2023-12-08 13:36:50.929988,tf,NFO,39172,265.50,4.08,1702022810,,,,,,,,,
2023-12-08 13:36:51.758020,tf,NFO,39172,265.35,4.02,1702022811,52215675,264.95,265.35,90,210,,,,
2023-12-08 13:36:51.761019,tf,NFO,39172,265.35,4.02,1702022811,52215675,264.95,265.35,90,210,,,,
2023-12-08 13:36:51.928914,tf,NFO,39172,264.10,3.53,1702022811,,,,,,,,,
2023-12-08 13:36:51.928914,tf,NFO,39172,264.10,3.53,1702022811,,,,,,,,,
2023-12-08 13:36:52.760645,tf,NFO,39172,263.45,3.27,1702022812,52221390,263.05,263.45,195,60,,,,
2023-12-08 13:36:52.760645,tf,NFO,39172,263.45,3.27,1702022812,52221390,263.05,263.45,195,60,,,,
2023-12-08 13:36:52.927540,tf,NFO,39172,262.20,2.78,1702022812,,,,,,,,,
2023-12-08 13:36:52.928542,tf,NFO,39172,262.20,2.78,1702022812,,,,,,,,,
2023-12-08 13:36:53.763740,tf,NFO,39172,262.55,2.92,1702022813,52225875,262.55,263.00,15,90,,,,
2023-12-08 13:36:53.763740,tf,NFO,39172,262.55,2.92,1702022813,52225875,262.55,263.00,15,90,,,,
2023-12-08 13:36:53.929833,tf,NFO,39172,262.70,2.98,1702022813,,,,,,,,,
2023-12-08 13:36:53.930834,tf,NFO,39172,262.70,2.98,1702022813,,,,,,,,,
2023-12-08 13:36:54.764848,tf,NFO,39172,262.40,2.86,1702022814,52228440,261.95,262.35,45,,292.38,,,
2023-12-08 13:36:54.765848,tf,NFO,39172,262.40,2.86,1702022814,52228440,261.95,262.35,45,,292.38,,,
2023-12-08 13:36:54.929591,tf,NFO,39172,262.60,2.94,1702022814,,,,,,,,,
2023-12-08 13:36:54.929591,tf,NFO,39172,262.60,2.94,1702022814,,,,,,,,,
2023-12-08 13:36:55.768203,tf,NFO,39172,263.05,3.12,1702022815,52232235,263.00,263.45,30,150,,,,
2023-12-08 13:36:55.768203,tf,NFO,39172,263.05,3.12,1702022815,52232235,263.00,263.45,30,150,,,,
2023-12-08 13:36:55.935832,tf,NFO,39172,262.85,3.04,1702022815,,,,,,,,,
2023-12-08 13:36:55.936832,tf,NFO,39172,262.85,3.04,1702022815,,,,,,,,,
2023-12-08 13:36:56.931004,tf,NFO,39172,261.10,2.35,1702022816,,,,,,,,,
2023-12-08 13:36:56.932010,tf,NFO,39172,261.10,2.35,1702022816,,,,,,,,,
2023-12-08 13:36:56.964657,tf,NFO,39172,261.90,2.67,1702022816,52235370,261.90,262.25,60,15,,,,
2023-12-08 13:36:56.965656,tf,NFO,39172,261.90,2.67,1702022816,52235370,261.90,262.25,60,15,,,,
2023-12-08 13:36:57.933271,tf,NFO,39172,261.45,2.49,1702022817,,,,,,,,,
2023-12-08 13:36:57.934270,tf,NFO,39172,261.45,2.49,1702022817,,,,,,,,,
2023-12-08 13:36:58.933570,tf,NFO,39172,262.40,2.86,1702022818,,,,,,,,,
2023-12-08 13:36:58.933570,tf,NFO,39172,262.40,2.86,1702022818,,,,,,,,,
2023-12-08 13:36:59.936726,tf,NFO,39172,260.85,2.25,1702022819,,,,,,,,,
2023-12-08 13:36:59.936726,tf,NFO,39172,260.85,2.25,1702022819,,,,,,,,,
2023-12-08 13:36:59.972819,tf,NFO,39172,261.40,2.47,1702022819,52245660,260.90,261.40,195,105,,,,
2023-12-08 13:36:59.972819,tf,NFO,39172,261.40,2.47,1702022819,52245660,260.90,261.40,195,105,,,,
2023-12-08 13:37:00.934772,tf,NFO,39172,258.95,1.51,1702022820,,,,,,,,,
2023-12-08 13:37:00.934772,tf,NFO,39172,258.95,1.51,1702022820,,,,,,,,,
2023-12-08 13:37:01.937147,tf,NFO,39172,258.55,1.35,1702022821,,,,,,,,,
2023-12-08 13:37:01.938149,tf,NFO,39172,258.55,1.35,1702022821,,,,,,,,,
2023-12-08 13:37:02.172007,tf,NFO,39172,259.00,1.53,1702022822,52267410,258.90,259.35,105,45,,,,
2023-12-08 13:37:02.173008,tf,NFO,39172,259.00,1.53,1702022822,52267410,258.90,259.35,105,45,,,,
2023-12-08 13:37:02.938538,tf,NFO,39172,258.90,1.49,1702022822,,,,,,,,,
2023-12-08 13:37:02.939539,tf,NFO,39172,258.90,1.49,1702022822,,,,,,,,,
2023-12-08 13:37:03.178389,tf,NFO,39172,258.95,1.51,1702022823,52272855,258.45,258.95,195,135,,,,
2023-12-08 13:37:03.178389,tf,NFO,39172,258.95,1.51,1702022823,52272855,258.45,258.95,195,135,,,,
2023-12-08 13:37:03.935918,tf,NFO,39172,258.80,1.45,1702022823,,,,,,,,,
2023-12-08 13:37:03.936919,tf,NFO,39172,258.80,1.45,1702022823,,,,,,,,,
2023-12-08 13:37:04.181771,tf,NFO,39172,258.40,1.29,1702022824,52277025,258.35,258.75,105,30,,,,
2023-12-08 13:37:04.181771,tf,NFO,39172,258.40,1.29,1702022824,52277025,258.35,258.75,105,30,,,,
2023-12-08 13:37:04.946299,tf,NFO,39172,258.25,1.23,1702022824,,,,,,,,,
2023-12-08 13:37:04.947299,tf,NFO,39172,258.25,1.23,1702022824,,,,,,,,,
2023-12-08 13:37:05.183154,tf,NFO,39172,258.00,1.14,1702022825,52282815,258.15,258.55,15,15,292.35,,,
2023-12-08 13:37:05.191149,tf,NFO,39172,258.00,1.14,1702022825,52282815,258.15,258.55,15,15,292.35,,,
2023-12-08 13:37:05.939688,tf,NFO,39172,257.95,1.12,1702022825,,,,,,,,,
2023-12-08 13:37:05.939688,tf,NFO,39172,257.95,1.12,1702022825,,,,,,,,,
2023-12-08 13:37:06.380414,tf,NFO,39172,258.10,1.18,1702022826,52286700,258.05,258.60,,540,,,,
2023-12-08 13:37:06.380414,tf,NFO,39172,258.10,1.18,1702022826,52286700,258.05,258.60,,540,,,,
2023-12-08 13:37:06.784163,tf,NFO,39172,257.80,1.06,1702022826,52287540,257.75,258.15,45,30,,,,
2023-12-08 13:37:06.784163,tf,NFO,39172,257.80,1.06,1702022826,52287540,257.75,258.15,45,30,,,,
2023-12-08 13:37:06.942064,tf,NFO,39172,259.35,1.67,1702022826,,,,,,,,,
2023-12-08 13:37:06.942064,tf,NFO,39172,259.35,1.67,1702022826,,,,,,,,,
2023-12-08 13:37:07.782047,tf,NFO,39172,259.15,1.59,1702022827,52290390,258.95,259.40,30,330,,,,
2023-12-08 13:37:07.783047,tf,NFO,39172,259.15,1.59,1702022827,52290390,258.95,259.40,30,330,,,,
2023-12-08 13:37:07.940950,tf,NFO,39172,259.05,1.55,1702022827,,,,,,,,,
2023-12-08 13:37:07.940950,tf,NFO,39172,259.05,1.55,1702022827,,,,,,,,,
2023-12-08 13:37:08.793439,tf,NFO,39172,258.45,1.31,1702022828,52291125,258.05,258.50,90,570,,,,
2023-12-08 13:37:08.794437,tf,NFO,39172,258.45,1.31,1702022828,52291125,258.05,258.50,90,570,,,,
2023-12-08 13:37:09.825816,tf,NFO,39172,258.35,1.27,1702022829,52293435,257.90,258.40,30,180,292.34,,,
2023-12-08 13:37:09.825816,tf,NFO,39172,258.35,1.27,1702022829,52293435,257.90,258.40,30,180,292.34,,,
2023-12-08 13:37:09.950738,tf,NFO,39172,258.50,1.33,1702022829,,,,,,,,,
2023-12-08 13:37:09.957735,tf,NFO,39172,258.50,1.33,1702022829,,,,,,,,,
2023-12-08 13:37:10.790729,tf,NFO,39172,258.45,1.31,1702022830,52294320,258.00,258.45,105,120,,,,
2023-12-08 13:37:10.791728,tf,NFO,39172,258.45,1.31,1702022830,52294320,258.00,258.45,105,120,,,,
2023-12-08 13:37:10.947629,tf,NFO,39172,258.10,1.18,1702022830,,,,,,,,,
2023-12-08 13:37:10.948629,tf,NFO,39172,258.10,1.18,1702022830,,,,,,,,,
2023-12-08 13:37:11.795104,tf,NFO,39172,258.75,1.43,1702022831,52296720,258.35,258.80,30,465,,,,
2023-12-08 13:37:11.804100,tf,NFO,39172,258.75,1.43,1702022831,52296720,258.35,258.80,30,465,,,,
2023-12-08 13:37:11.946009,tf,NFO,39172,258.80,1.45,1702022831,,,,,,,,,
2023-12-08 13:37:11.987984,tf,NFO,39172,258.80,1.45,1702022831,,,,,,,,,
2023-12-08 13:37:12.797481,tf,NFO,39172,259.00,1.53,1702022832,52297215,258.60,259.05,75,75,,,,
2023-12-08 13:37:12.797481,tf,NFO,39172,259.00,1.53,1702022832,52297215,258.60,259.05,75,75,,,,
2023-12-08 13:37:12.965376,tf,NFO,39172,258.70,1.41,1702022832,,,,,,,,,
2023-12-08 13:37:12.970375,tf,NFO,39172,258.70,1.41,1702022832,,,,,,,,,
2023-12-08 13:37:13.797860,tf,NFO,39172,260.00,1.92,1702022833,52298640,259.75,260.00,,630,,,,
2023-12-08 13:37:13.798859,tf,NFO,39172,260.00,1.92,1702022833,52298640,259.75,260.00,,630,,,,
2023-12-08 13:37:13.947765,tf,NFO,39172,260.45,2.10,1702022833,,,,,,,,,
2023-12-08 13:37:13.947765,tf,NFO,39172,260.45,2.10,1702022833,,,,,,,,,
2023-12-08 13:37:14.948143,tf,NFO,39172,261.30,2.43,1702022834,,,,,,,,,
2023-12-08 13:37:14.949144,tf,NFO,39172,261.30,2.43,1702022834,,,,,,,,,
2023-12-08 13:37:14.995115,tf,NFO,39172,260.95,2.29,1702022834,52300995,260.95,261.40,120,90,,,,
2023-12-08 13:37:14.996115,tf,NFO,39172,260.95,2.29,1702022834,52300995,260.95,261.40,120,90,,,,
2023-12-08 13:37:15.946525,tf,NFO,39172,261.40,2.47,1702022835,,,,,,,,,
2023-12-08 13:37:16.001491,tf,NFO,39172,262.00,2.70,1702022835,52302285,261.70,262.00,420,30,,,,
2023-12-08 13:37:16.949901,tf,NFO,39172,261.95,2.69,1702022836,,,,,,,,,
2023-12-08 13:37:17.000870,tf,NFO,39172,262.30,2.82,1702022836,52305180,261.85,262.30,105,105,,,,
2023-12-08 13:37:17.949281,tf,NFO,39172,261.10,2.35,1702022837,,,,,,,,,
2023-12-08 13:37:18.005246,tf,NFO,39172,261.60,2.55,1702022837,52307220,261.10,261.60,120,30,,,,
2023-12-08 13:37:18.949657,tf,NFO,39172,261.55,2.53,1702022838,,,,,,,,,
2023-12-08 13:37:19.202501,tf,NFO,39172,261.50,2.51,1702022839,52309785,261.50,261.90,60,15,292.33,,,
2023-12-08 13:37:19.948038,tf,NFO,39172,261.15,2.37,1702022839,,,,,,,,,
2023-12-08 13:37:20.208875,tf,NFO,39172,260.90,2.27,1702022840,52310730,261.30,261.75,15,90,,,,
2023-12-08 13:37:20.949416,tf,NFO,39172,260.95,2.29,1702022840,,,,,,,,,
2023-12-08 13:37:21.207255,tf,NFO,39172,261.25,2.41,1702022841,52311705,260.95,261.30,30,210,,,,
2023-12-08 13:37:21.949794,tf,NFO,39172,262.25,2.80,1702022841,,,,,,,,,
2023-12-08 13:37:22.250608,tf,NFO,39172,261.70,2.59,1702022842,52312980,261.70,262.00,195,300,,,,
2023-12-08 13:37:22.950174,tf,NFO,39172,262.05,2.72,1702022842,,,,,,,,,
2023-12-08 13:37:23.410886,tf,NFO,39172,261.35,2.45,1702022843,52316070,261.40,261.75,,60,,,,
2023-12-08 13:37:23.810640,tf,NFO,39172,261.70,2.59,1702022843,52317045,261.20,261.65,90,,,,,
2023-12-08 13:37:23.951550,tf,NFO,39172,260.75,2.21,1702022843,,,,,,,,,
2023-12-08 13:37:24.813014,tf,NFO,39172,261.75,2.61,1702022844,52319295,261.35,261.75,45,15,,,,
2023-12-08 13:37:24.967918,tf,NFO,39172,261.00,2.31,1702022844,,,,,,,,,
2023-12-08 13:37:25.837378,tf,NFO,39172,261.80,2.63,1702022845,52320300,261.30,,285,180,,,,
2023-12-08 13:37:25.959302,tf,NFO,39172,261.30,2.43,1702022845,,,,,,,,,
2023-12-08 13:37:26.827762,tf,NFO,39172,260.00,1.92,1702022846,52325265,259.55,259.95,30,105,,,,
2023-12-08 13:37:26.952684,tf,NFO,39172,259.60,1.76,1702022846,,,,,,,,,
2023-12-08 13:37:27.820047,tf,NFO,39172,259.05,1.55,1702022847,52327290,258.55,259.00,90,285,292.32,,,
2023-12-08 13:37:27.955963,tf,NFO,39172,258.60,1.37,1702022847,,,,,,,,,
2023-12-08 13:37:28.860401,tf,NFO,39172,258.90,1.49,1702022848,52328565,258.85,259.25,210,45,,,,
2023-12-08 13:37:28.957339,tf,NFO,39172,258.75,1.43,1702022848,,,,,,,,,
2023-12-08 13:37:29.955074,tf,NFO,39172,259.60,1.76,1702022849,,,,,,,,,
2023-12-08 13:37:30.026032,tf,NFO,39172,259.35,1.67,1702022850,52330710,259.00,259.50,90,570,,,,
2023-12-08 13:37:30.955792,tf,NFO,39172,259.30,1.65,1702022850,,,,,,,,,
2023-12-08 13:37:31.954488,tf,NFO,39172,259.15,1.59,1702022851,,,,,,,,,
2023-12-08 13:37:32.092399,tf,NFO,39172,259.15,1.59,1702022851,,,,,,,,,
2023-12-08 13:37:33.026280,tf,NFO,39172,258.65,1.39,1702022852,,,,,,,,,
2023-12-08 13:37:33.026280,tf,NFO,39172,258.65,1.39,1702022852,,,,,,,,,
2023-12-08 13:37:33.232153,tf,NFO,39172,258.70,1.41,1702022853,52337175,258.60,258.90,30,90,,,,
2023-12-08 13:37:33.232153,tf,NFO,39172,258.70,1.41,1702022853,52337175,258.60,258.90,30,90,,,,
2023-12-08 13:37:33.963539,tf,NFO,39172,259.25,1.63,1702022853,,,,,,,,,
2023-12-08 13:37:33.963539,tf,NFO,39172,259.25,1.63,1702022853,,,,,,,,,
2023-12-08 13:37:34.231885,tf,NFO,39172,259.15,1.59,1702022854,52338030,259.25,259.75,420,60,,,,
2023-12-08 13:37:34.231885,tf,NFO,39172,259.15,1.59,1702022854,52338030,259.25,259.75,420,60,,,,
2023-12-08 13:37:34.958824,tf,NFO,39172,258.95,1.51,1702022854,,,,,,,,,
2023-12-08 13:37:34.958824,tf,NFO,39172,258.95,1.51,1702022854,,,,,,,,,
2023-12-08 13:37:35.430769,tf,NFO,39172,259.05,1.55,1702022855,52340370,258.90,259.05,30,135,,,,
2023-12-08 13:37:35.431766,tf,NFO,39172,259.05,1.55,1702022855,52340370,258.90,259.05,30,135,,,,
2023-12-08 13:37:35.958871,tf,NFO,39172,259.60,1.76,1702022855,,,,,,,,,
2023-12-08 13:37:35.998848,tf,NFO,39172,259.60,1.76,1702022855,,,,,,,,,
2023-12-08 13:37:36.832399,tf,NFO,39172,260.25,2.02,1702022856,52343055,260.20,260.70,615,,,,,
2023-12-08 13:37:36.832399,tf,NFO,39172,260.25,2.02,1702022856,52343055,260.20,260.70,615,,,,,
2023-12-08 13:37:36.957092,tf,NFO,39172,260.65,2.18,1702022856,,,,,,,,,
2023-12-08 13:37:36.958097,tf,NFO,39172,260.65,2.18,1702022856,,,,,,,,,
2023-12-08 13:37:37.833759,tf,NFO,39172,258.75,1.43,1702022857,52343805,258.75,259.00,45,90,,,,
2023-12-08 13:37:37.833759,tf,NFO,39172,258.75,1.43,1702022857,52343805,258.75,259.00,45,90,,,,
2023-12-08 13:37:37.957683,tf,NFO,39172,259.00,1.53,1702022857,,,,,,,,,
2023-12-08 13:37:37.958681,tf,NFO,39172,259.00,1.53,1702022857,,,,,,,,,
2023-12-08 13:37:38.835313,tf,NFO,39172,260.15,1.98,1702022858,52346100,259.55,260.00,15,240,,,,
2023-12-08 13:37:38.835313,tf,NFO,39172,260.15,1.98,1702022858,52346100,259.55,260.00,15,240,,,,
2023-12-08 13:37:38.957413,tf,NFO,39172,260.30,2.04,1702022858,,,,,,,,,
2023-12-08 13:37:38.957413,tf,NFO,39172,260.30,2.04,1702022858,,,,,,,,,
2023-12-08 13:37:39.838198,tf,NFO,39172,259.50,1.72,1702022859,52347660,259.50,259.95,255,45,,,,
2023-12-08 13:37:39.838198,tf,NFO,39172,259.50,1.72,1702022859,52347660,259.50,259.95,255,45,,,,
2023-12-08 13:37:40.845008,tf,NFO,39172,259.05,1.55,1702022860,52348545,259.05,259.55,60,660,,,,
2023-12-08 13:37:40.846010,tf,NFO,39172,259.05,1.55,1702022860,52348545,259.05,259.55,60,660,,,,
2023-12-08 13:37:40.960938,tf,NFO,39172,259.60,1.76,1702022860,,,,,,,,,
2023-12-08 13:37:40.964933,tf,NFO,39172,259.60,1.76,1702022860,,,,,,,,,
2023-12-08 13:37:41.962127,tf,NFO,39172,257.85,1.08,1702022861,,,,,,,,,
2023-12-08 13:37:41.963128,tf,NFO,39172,257.85,1.08,1702022861,,,,,,,,,
2023-12-08 13:37:42.043078,tf,NFO,39172,256.60,0.59,1702022862,52358745,255.95,256.45,180,120,292.30,,,
2023-12-08 13:37:42.043078,tf,NFO,39172,256.60,0.59,1702022862,52358745,255.95,256.45,180,120,292.30,,,
2023-12-08 13:37:42.962745,tf,NFO,39172,256.05,0.37,1702022862,,,,,,,,,
2023-12-08 13:37:42.962745,tf,NFO,39172,256.05,0.37,1702022862,,,,,,,,,
2023-12-08 13:37:43.045696,tf,NFO,39172,254.70,-0.16,1702022863,52368090,254.70,255.10,15,45,,,,
2023-12-08 13:37:43.132639,tf,NFO,39172,254.70,-0.16,1702022863,52368090,254.70,255.10,15,45,,,,
2023-12-08 13:37:43.962129,tf,NFO,39172,254.75,-0.14,1702022863,,,,,,,,,
2023-12-08 13:37:43.963129,tf,NFO,39172,254.75,-0.14,1702022863,,,,,,,,,
2023-12-08 13:37:44.049077,tf,NFO,39172,254.40,-0.27,1702022864,52371540,254.40,254.85,240,105,292.29,,,
2023-12-08 13:37:44.053074,tf,NFO,39172,254.40,-0.27,1702022864,52371540,254.40,254.85,240,105,292.29,,,
2023-12-08 13:37:44.964507,tf,NFO,39172,253.45,-0.65,1702022864,,,,,,,,,
2023-12-08 13:37:44.965506,tf,NFO,39172,253.45,-0.65,1702022864,,,,,,,,,
2023-12-08 13:37:45.048456,tf,NFO,39172,254.40,-0.27,1702022865,52380255,254.25,254.55,,15,,,,
2023-12-08 13:37:45.051452,tf,NFO,39172,254.40,-0.27,1702022865,52380255,254.25,254.55,,15,,,,
2023-12-08 13:37:45.853217,tf,NFO,39172,256.00,0.35,1702022865,52384500,255.75,256.05,90,60,,,,
2023-12-08 13:37:45.854216,tf,NFO,39172,256.00,0.35,1702022865,52384500,255.75,256.05,90,60,,,,
2023-12-08 13:37:45.966149,tf,NFO,39172,255.35,0.10,1702022865,,,,,,,,,
2023-12-08 13:37:45.966149,tf,NFO,39172,255.35,0.10,1702022865,,,,,,,,,
2023-12-08 13:37:46.853338,tf,NFO,39172,254.55,-0.22,1702022866,52388610,254.55,254.80,45,15,292.28,,,
2023-12-08 13:37:46.968270,tf,NFO,39172,255.15,0.02,1702022866,,,,,,,,,
2023-12-08 13:37:47.906685,tf,NFO,39172,253.30,-0.71,1702022867,52391565,253.00,253.35,105,30,,,,
2023-12-08 13:37:47.967648,tf,NFO,39172,253.20,-0.74,1702022867,,,,,,,,,
2023-12-08 13:37:48.972396,tf,NFO,39172,253.80,-0.51,1702022868,,,,,,,,,
2023-12-08 13:37:49.056345,tf,NFO,39172,253.30,-0.71,1702022869,52394205,253.10,253.45,15,15,,,,
2023-12-08 13:37:49.968776,tf,NFO,39172,251.55,-1.39,1702022869,,,,,,,,,
2023-12-08 13:37:50.064717,tf,NFO,39172,252.00,-1.22,1702022870,52405455,251.85,252.15,,,292.27,,,
2023-12-08 13:37:50.971154,tf,NFO,39172,252.40,-1.06,1702022870,,,,,,,,,
2023-12-08 13:37:51.063098,tf,NFO,39172,252.15,-1.16,1702022871,52409355,252.15,252.20,840,90,,,,
2023-12-08 13:37:51.859834,tf,NFO,39172,250.80,-1.69,1702022871,52418775,250.65,251.15,15,360,292.26,,,
2023-12-08 13:37:51.969764,tf,NFO,39172,250.95,-1.63,1702022871,,,,,,,,,
2023-12-08 13:37:52.863238,tf,NFO,39172,250.65,-1.74,1702022872,52423800,250.20,250.65,,210,,,,
2023-12-08 13:37:52.973171,tf,NFO,39172,249.35,-2.25,1702022872,,,,,,,,,
2023-12-08 13:37:53.871992,tf,NFO,39172,250.05,-1.98,1702022873,52442715,249.80,250.15,45,90,292.24,,,
2023-12-08 13:37:53.970930,tf,NFO,39172,251.25,-1.51,1702022873,,,,,,,,,
2023-12-08 13:37:54.864505,tf,NFO,39172,249.20,-2.31,1702022874,52451175,249.05,249.45,,75,292.23,,,
2023-12-08 13:37:54.973686,tf,NFO,39172,249.35,-2.25,1702022874,,,,,,,,,
2023-12-08 13:37:55.866187,tf,NFO,39172,250.70,-1.72,1702022875,52459695,250.40,250.85,135,270,,,,
2023-12-08 13:37:55.974125,tf,NFO,39172,250.05,-1.98,1702022875,,,,,,,,,
2023-12-08 13:37:56.978244,tf,NFO,39172,247.90,-2.82,1702022876,52468815,247.55,247.90,450,15,292.22,,,
2023-12-08 13:37:56.983241,tf,NFO,39172,247.55,-2.96,1702022876,,,,,,,,,
2023-12-08 13:37:57.869081,tf,NFO,39172,249.40,-2.23,1702022877,52473705,249.30,249.50,30,,292.21,,,
2023-12-08 13:37:57.975395,tf,NFO,39172,249.00,-2.39,1702022877,,,,,,,,,
2023-12-08 13:37:58.867885,tf,NFO,39172,248.95,-2.41,1702022878,52477665,248.90,249.35,,480,,,,
2023-12-08 13:37:58.974501,tf,NFO,39172,249.35,-2.25,1702022878,,,,,,,,,
2023-12-08 13:37:59.874191,tf,NFO,39172,248.70,-2.51,1702022879,52479555,248.70,249.05,135,15,,,,
2023-12-08 13:37:59.978156,tf,NFO,39172,249.35,-2.25,1702022879,,,,,,,,,
2023-12-08 13:38:00.977288,tf,NFO,39172,250.45,-1.82,1702022880,,,,,,,,,
2023-12-08 13:38:01.099210,tf,NFO,39172,252.10,-1.18,1702022881,52500045,251.85,252.25,60,150,292.19,,,
2023-12-08 13:38:01.876728,tf,NFO,39172,252.75,-0.92,1702022881,52501905,252.45,252.80,15,120,,,,
2023-12-08 13:38:01.982661,tf,NFO,39172,252.90,-0.86,1702022881,,,,,,,,,
2023-12-08 13:38:02.872232,tf,NFO,39172,250.10,-1.96,1702022882,52504275,249.70,250.05,,30,,,,
2023-12-08 13:38:02.978162,tf,NFO,39172,250.25,-1.90,1702022882,,,,,,,,,
2023-12-08 13:38:03.979895,tf,NFO,39172,250.60,-1.76,1702022883,,,,,,,,,
2023-12-08 13:38:04.981957,tf,NFO,39172,252.05,-1.20,1702022884,,,,,,,,,
2023-12-08 13:38:05.077750,tf,NFO,39172,250.80,-1.69,1702022885,52506900,250.70,251.15,,390,,,,
2023-12-08 13:38:05.979813,tf,NFO,39172,250.00,-2.00,1702022885,,,,,,,,,
2023-12-08 13:38:06.085606,tf,NFO,39172,249.30,-2.27,1702022886,52508445,249.60,250.10,75,270,,,,
2023-12-08 13:38:06.878905,tf,NFO,39172,250.30,-1.88,1702022886,52509915,249.95,250.40,105,30,,,,
2023-12-08 13:38:06.991835,tf,NFO,39172,250.00,-2.00,1702022886,,,,,,,,,
2023-12-08 13:38:08.011204,tf,NFO,39172,247.95,-2.80,1702022887,,,,,,,,,
2023-12-08 13:38:08.086154,tf,NFO,39172,248.20,-2.70,1702022888,52512000,248.05,248.50,,45,292.18,,,
2023-12-08 13:38:08.983597,tf,NFO,39172,249.50,-2.20,1702022888,,,,,,,,,
2023-12-08 13:38:09.990972,tf,NFO,39172,249.30,-2.27,1702022889,,,,,,,,,
2023-12-08 13:38:10.137881,tf,NFO,39172,248.35,-2.65,1702022890,52514490,248.40,248.70,60,30,,,,
2023-12-08 13:38:10.985040,tf,NFO,39172,248.95,-2.41,1702022890,,,,,,,,,
2023-12-08 13:38:11.086973,tf,NFO,39172,248.40,-2.63,1702022891,52517310,,248.65,30,165,,,,
2023-12-08 13:38:11.984226,tf,NFO,39172,248.15,-2.72,1702022891,,,,,,,,,
2023-12-08 13:38:22.060504,tf,NFO,39172,249.05,-2.37,1702022901,52550775,248.65,249.05,60,30,,,,
2023-12-08 13:38:22.067498,tf,NFO,39172,249.10,-2.35,1702022901,,,,,,,,,
2023-12-08 13:38:22.902003,tf,NFO,39172,248.85,-2.45,1702022902,52552050,248.70,249.15,300,90,,,,
2023-12-08 13:38:22.988944,tf,NFO,39172,249.35,-2.25,1702022902,,,,,,,,,
2023-12-08 13:38:23.905462,tf,NFO,39172,248.90,-2.43,1702022903,52553010,248.95,249.35,,30,,,,
2023-12-08 13:38:23.993326,tf,NFO,39172,249.25,-2.29,1702022903,,,,,,,,,
2023-12-08 13:38:24.915360,tf,NFO,39172,249.75,-2.10,1702022904,52553160,249.65,250.00,135,1050,,,,
2023-12-08 13:38:25.908080,tf,NFO,39172,250.55,-1.78,1702022905,52555500,250.20,250.55,30,60,,,,
2023-12-08 13:38:25.990030,tf,NFO,39172,250.45,-1.82,1702022905,,,,,,,,,
2023-12-08 13:38:26.907210,tf,NFO,39172,251.25,-1.51,1702022906,52555770,251.40,251.70,15,210,,,,
2023-12-08 13:38:26.998580,tf,NFO,39172,251.40,-1.45,1702022906,,,,,,,,,
2023-12-08 13:38:27.906348,tf,NFO,39172,250.20,-1.92,1702022907,52556835,250.05,250.40,135,120,,,,
2023-12-08 13:38:27.991271,tf,NFO,39172,250.35,-1.86,1702022907,,,,,,,,,
2023-12-08 13:38:28.908750,tf,NFO,39172,248.90,-2.43,1702022908,52568910,248.90,249.25,30,60,292.14,,,
2023-12-08 13:38:29.994904,tf,NFO,39172,247.70,-2.90,1702022909,,,,,,,,,
2023-12-08 13:38:30.995763,tf,NFO,39172,248.00,-2.78,1702022910,,,,,,,,,
2023-12-08 13:38:31.111690,tf,NFO,39172,247.90,-2.82,1702022911,52577655,247.35,,105,15,,,,
2023-12-08 13:38:31.996146,tf,NFO,39172,247.60,-2.94,1702022911,,,,,,,,,
2023-12-08 13:38:32.117071,tf,NFO,39172,248.00,-2.78,1702022912,52580775,247.60,248.00,30,,,,,
2023-12-08 13:38:32.999521,tf,NFO,39172,248.50,-2.59,1702022912,,,,,,,,,
2023-12-08 13:38:33.116449,tf,NFO,39172,248.30,-2.67,1702022913,52586310,247.85,248.30,105,195,292.12,,,
2023-12-08 13:38:33.997362,tf,NFO,39172,246.80,-3.25,1702022913,,,,,,,,,
2023-12-08 13:38:34.311917,tf,NFO,39172,246.65,-3.31,1702022914,52591320,246.65,247.05,15,45,,,,
2023-12-08 13:38:34.998975,tf,NFO,39172,246.75,-3.27,1702022914,,,,,,,,,
2023-12-08 13:38:35.344945,tf,NFO,39172,247.80,-2.86,1702022915,52594995,247.95,248.30,,120,,,,
2023-12-08 13:38:45.164341,tf,NFO,39172,245.35,-3.82,1702022925,,,,,,,,,
2023-12-08 13:38:45.169339,tf,NFO,39172,245.05,-3.94,1702022925,52663320,244.70,245.10,165,195,,,,
2023-12-08 13:38:46.010296,tf,NFO,39172,245.60,-3.72,1702022926,,,,,,,,,
2023-12-08 13:38:46.134069,tf,NFO,39172,245.15,-3.90,1702022926,52669785,245.00,245.40,15,30,292.05,,,
2023-12-08 13:38:47.010618,tf,NFO,39172,246.20,-3.49,1702022927,,,,,,,,,
2023-12-08 13:38:48.012953,tf,NFO,39172,244.15,-4.29,1702022928,,,,,,,,,
2023-12-08 13:38:48.136877,tf,NFO,39172,244.00,-4.35,1702022928,52681035,244.00,244.25,465,105,292.04,,,
2023-12-08 13:38:49.010521,tf,NFO,39172,245.00,-3.96,1702022929,,,,,,,,,
2023-12-08 13:38:49.138166,tf,NFO,39172,244.75,-4.06,1702022929,52684665,244.10,244.50,120,195,,,,
2023-12-08 13:38:49.943529,tf,NFO,39172,243.75,-4.45,1702022929,52686270,243.85,244.25,15,510,,,,
2023-12-08 13:38:50.946117,tf,NFO,39172,242.10,-5.10,1702022930,52706520,241.40,241.90,180,195,292.02,,,
2023-12-08 13:38:51.011850,tf,NFO,39172,241.30,-5.41,1702022931,,,,,,,,,
2023-12-08 13:38:51.943000,tf,NFO,39172,242.65,-4.88,1702022931,52711770,242.45,242.85,45,105,292.01,,,
2023-12-08 13:38:52.012436,tf,NFO,39172,242.60,-4.90,1702022932,,,,,,,,,
2023-12-08 13:38:52.946353,tf,NFO,39172,241.75,-5.23,1702022932,52721850,241.15,241.50,60,195,292.00,,,
2023-12-08 13:38:53.015255,tf,NFO,39172,241.40,-5.37,1702022933,,,,,,,,,
2023-12-08 13:38:53.953256,tf,NFO,39172,242.90,-4.78,1702022933,52739640,242.85,243.30,240,105,291.98,,,
2023-12-08 13:38:54.019263,tf,NFO,39172,242.60,-4.90,1702022934,,,,,,,,,
2023-12-08 13:38:54.951683,tf,NFO,39172,242.50,-4.94,1702022934,52743210,242.10,242.60,90,30,,,,
2023-12-08 13:38:55.959054,tf,NFO,39172,242.55,-4.92,1702022935,52749180,242.25,242.75,255,15,,,,
2023-12-08 13:38:56.017021,tf,NFO,39172,242.30,-5.02,1702022936,,,,,,,,,
2023-12-08 13:38:56.952437,tf,NFO,39172,242.15,-5.08,1702022936,52751640,242.55,242.95,15,60,291.97,,,
2023-12-08 13:38:57.015399,tf,NFO,39172,242.80,-4.82,1702022937,,,,,,,,,
2023-12-08 13:38:57.961809,tf,NFO,39172,241.35,-5.39,1702022937,52759620,240.85,241.35,300,90,,,,
2023-12-08 13:38:58.958638,tf,NFO,39172,238.10,-6.66,1702022938,52765530,238.05,238.40,105,195,291.96,,,
2023-12-08 13:38:59.960998,tf,NFO,39172,235.95,-7.51,1702022939,52775055,235.65,235.90,15,105,291.95,,,
2023-12-08 13:39:00.017873,tf,NFO,39172,236.15,-7.43,1702022940,,,,,,,,,
2023-12-08 13:39:01.017567,tf,NFO,39172,237.70,-6.82,1702022941,,,,,,,,,
2023-12-08 13:39:01.157482,tf,NFO,39172,238.50,-6.51,1702022941,52792005,238.35,238.75,135,75,291.93,,,
2023-12-08 13:39:02.017946,tf,NFO,39172,239.00,-6.31,1702022942,,,,,,,,,
2023-12-08 13:39:02.162858,tf,NFO,39172,237.60,-6.86,1702022942,52795590,237.55,237.85,15,45,,,,
2023-12-08 13:39:03.020324,tf,NFO,39172,235.95,-7.51,1702022943,,,,,,,,,
2023-12-08 13:39:03.173230,tf,NFO,39172,235.50,-7.68,1702022943,52802670,235.55,235.90,45,30,291.92,,,
2023-12-08 13:39:04.020703,tf,NFO,39172,233.75,-8.37,1702022944,,,,,,,,,
2023-12-08 13:39:04.364488,tf,NFO,39172,234.20,-8.19,1702022944,52809810,234.60,235.05,180,45,291.91,,,
2023-12-08 13:39:05.019082,tf,NFO,39172,234.95,-7.90,1702022945,,,,,,,,,
2023-12-08 13:39:05.374862,tf,NFO,39172,234.65,-8.02,1702022945,52815525,234.40,234.80,,105,,,,
2023-12-08 13:39:06.021460,tf,NFO,39172,234.15,-8.21,1702022946,,,,,,,,,
2023-12-08 13:39:06.370241,tf,NFO,39172,234.90,-7.92,1702022946,52821735,234.55,234.90,15,180,291.90,,,
2023-12-08 13:39:07.020837,tf,NFO,39172,234.65,-8.02,1702022947,,,,,,,,,
2023-12-08 13:39:07.370621,tf,NFO,39172,234.70,-8.00,1702022947,52824750,234.70,235.15,120,270,,,,
2023-12-08 13:39:08.020217,tf,NFO,39172,237.40,-6.94,1702022948,,,,,,,,,
2023-12-08 13:39:08.435960,tf,NFO,39172,236.90,-7.13,1702022948,52830150,236.55,236.95,,45,291.89,,,
2023-12-08 13:39:09.023594,tf,NFO,39172,238.65,-6.45,1702022949,,,,,,,,,
2023-12-08 13:39:09.571254,tf,NFO,39172,237.90,-6.74,1702022949,52832760,237.90,238.15,15,15,,,,
2023-12-08 13:39:09.972004,tf,NFO,39172,238.70,-6.43,1702022949,52834275,238.35,238.80,60,270,,,,
2023-12-08 13:39:10.974381,tf,NFO,39172,238.20,-6.62,1702022950,52836930,238.25,238.70,180,60,291.88,,,
2023-12-08 13:39:11.023350,tf,NFO,39172,238.35,-6.57,1702022951,,,,,,,,,
2023-12-08 13:39:11.974758,tf,NFO,39172,239.65,-6.06,1702022951,52841370,239.80,240.10,105,225,,,,
2023-12-08 13:39:12.032723,tf,NFO,39172,240.00,-5.92,1702022952,,,,,,,,,
2023-12-08 13:39:12.979135,tf,NFO,39172,237.80,-6.78,1702022952,52842840,237.45,237.80,135,45,,,,
2023-12-08 13:39:13.023109,tf,NFO,39172,237.85,-6.76,1702022953,,,,,,,,,
2023-12-08 13:39:13.985511,tf,NFO,39172,237.50,-6.90,1702022953,52845030,236.90,237.30,120,90,,,,
2023-12-08 13:39:14.026486,tf,NFO,39172,237.40,-6.94,1702022954,,,,,,,,,
2023-12-08 13:39:14.982889,tf,NFO,39172,237.00,-7.10,1702022954,52846440,236.55,236.95,15,30,291.87,,,
2023-12-08 13:39:15.986267,tf,NFO,39172,238.75,-6.41,1702022955,52848750,238.70,239.10,195,90,,,,
2023-12-08 13:39:16.032238,tf,NFO,39172,239.15,-6.25,1702022956,,,,,,,,,
2023-12-08 13:39:17.026621,tf,NFO,39172,238.95,-6.33,1702022957,,,,,,,,,
2023-12-08 13:39:17.183525,tf,NFO,39172,239.40,-6.15,1702022957,52850415,239.05,239.35,30,75,,,,
2023-12-08 13:39:18.025999,tf,NFO,39172,237.10,-7.06,1702022958,,,,,,,,,
2023-12-08 13:39:18.187899,tf,NFO,39172,236.90,-7.13,1702022958,52852950,236.60,237.00,45,210,,,,
2023-12-08 13:39:19.191274,tf,NFO,39172,235.30,-7.76,1702022959,52855740,234.80,235.20,,240,,,,
2023-12-08 13:39:19.229252,tf,NFO,39172,234.85,-7.94,1702022959,,,,,,,,,
2023-12-08 13:39:20.025757,tf,NFO,39172,236.60,-7.25,1702022960,,,,,,,,,
2023-12-08 13:39:20.389530,tf,NFO,39172,236.25,-7.39,1702022960,52857660,235.45,235.75,120,45,291.86,,,
2023-12-08 13:39:21.029133,tf,NFO,39172,234.60,-8.04,1702022961,,,,,,,,,
2023-12-08 13:39:21.397905,tf,NFO,39172,233.65,-8.41,1702022961,52868445,233.05,233.45,30,105,291.85,,,
2023-12-08 13:39:22.027515,tf,NFO,39172,231.65,-9.19,1702022962,,,,,,,,,
2023-12-08 13:39:22.394284,tf,NFO,39172,232.55,-8.84,1702022962,52876740,232.25,232.55,45,30,291.84,,,
2023-12-08 13:39:23.044880,tf,NFO,39172,232.75,-8.76,1702022963,,,,,,,,,
2023-12-08 13:39:23.594539,tf,NFO,39172,231.50,-9.25,1702022963,52881420,231.20,231.60,120,60,,,,
2023-12-08 13:39:23.990799,tf,NFO,39172,230.90,-9.49,1702022963,52882305,230.50,230.80,105,195,,,,
2023-12-08 13:39:24.029774,tf,NFO,39172,231.00,-9.45,1702022964,,,,,,,,,
2023-12-08 13:39:24.996174,tf,NFO,39172,231.20,-9.37,1702022964,52884465,231.25,231.65,15,105,291.83,,,
2023-12-08 13:39:25.029154,tf,NFO,39172,231.25,-9.35,1702022965,,,,,,,,,
2023-12-08 13:39:26.019540,tf,NFO,39172,230.95,-9.47,1702022965,52897200,230.85,231.15,,30,291.82,,,
2023-12-08 13:39:26.030531,tf,NFO,39172,231.05,-9.43,1702022966,,,,,,,,,
2023-12-08 13:39:27.000929,tf,NFO,39172,231.80,-9.13,1702022966,52903350,231.55,232.00,45,345,291.81,,,
2023-12-08 13:39:27.038906,tf,NFO,39172,231.60,-9.21,1702022967,,,,,,,,,
2023-12-08 13:39:28.009883,tf,NFO,39172,232.25,-8.96,1702022967,52908855,232.35,232.80,135,555,291.80,,,
2023-12-08 13:39:29.008124,tf,NFO,39172,232.35,-8.92,1702022969,52913625,232.50,232.90,15,225,,,,
2023-12-08 13:39:29.033085,tf,NFO,39172,232.60,-8.82,1702022969,,,,,,,,,
2023-12-08 13:39:30.034200,tf,NFO,39172,232.80,-8.74,1702022970,,,,,,,,,
2023-12-08 13:39:30.215148,tf,NFO,39172,232.65,-8.80,1702022970,52916940,231.70,232.20,150,450,,,,
2023-12-08 13:39:31.065032,tf,NFO,39172,233.35,-8.53,1702022971,,,,,,,,,
2023-12-08 13:39:31.240940,tf,NFO,39172,233.20,-8.58,1702022971,52919235,233.35,233.75,60,45,291.79,,,
2023-12-08 13:39:32.034347,tf,NFO,39172,232.30,-8.94,1702022972,,,,,,,,,
2023-12-08 13:39:32.406018,tf,NFO,39172,231.90,-9.09,1702022972,52921680,231.55,232.00,45,105,,,,
2023-12-08 13:39:33.037019,tf,NFO,39172,233.15,-8.60,1702022973,,,,,,,,,
2023-12-08 13:39:33.412975,tf,NFO,39172,232.85,-8.72,1702022973,52923165,232.85,233.25,90,75,,,,
2023-12-08 13:39:34.035060,tf,NFO,39172,234.15,-8.21,1702022974,,,,,,,,,
2023-12-08 13:39:34.612761,tf,NFO,39172,233.55,-8.45,1702022974,52925670,233.70,234.00,,,,,,
2023-12-08 13:39:35.011097,tf,NFO,39172,235.35,-7.74,1702022975,52927980,235.10,235.50,75,90,291.78,,,
2023-12-08 13:39:36.014449,tf,NFO,39172,234.70,-8.00,1702022976,52929015,234.95,235.05,15,,,,,
2023-12-08 13:39:36.038639,tf,NFO,39172,234.95,-7.90,1702022976,,,,,,,,,
2023-12-08 13:39:37.017098,tf,NFO,39172,234.65,-8.02,1702022977,52931190,,235.10,,75,,,,
2023-12-08 13:39:38.021093,tf,NFO,39172,234.80,-7.96,1702022978,52934685,234.65,,285,60,,,,
2023-12-08 13:39:39.022416,tf,NFO,39172,231.95,-9.07,1702022979,52936455,231.55,231.95,60,90,291.77,,,
2023-12-08 13:39:40.037544,tf,NFO,39172,231.00,-9.45,1702022980,,,,,,,,,
2023-12-08 13:39:40.221699,tf,NFO,39172,230.00,-9.84,1702022980,52941390,229.85,230.30,75,270,,,,
2023-12-08 13:39:41.040553,tf,NFO,39172,230.85,-9.51,1702022981,,,,,,,,,
2023-12-08 13:39:41.225437,tf,NFO,39172,231.00,-9.45,1702022981,52942455,230.90,231.30,420,45,,,,
2023-12-08 13:39:42.043396,tf,NFO,39172,230.35,-9.70,1702022982,,,,,,,,,
2023-12-08 13:39:42.427651,tf,NFO,39172,230.50,-9.64,1702022982,52948350,230.00,230.30,120,,291.76,,,
2023-12-08 13:39:43.040521,tf,NFO,39172,231.20,-9.37,1702022983,,,,,,,,,
2023-12-08 13:39:43.433185,tf,NFO,39172,229.95,-9.86,1702022983,52952910,228.80,229.30,60,135,,,,
2023-12-08 13:39:44.040850,tf,NFO,39172,229.35,-10.09,1702022984,,,,,,,,,
2023-12-08 13:39:44.629301,tf,NFO,39172,226.75,-11.11,1702022984,52958130,226.75,227.20,150,300,291.75,,,
2023-12-08 13:39:45.037764,tf,NFO,39172,225.80,-11.49,1702022985,52960650,225.80,226.20,90,150,,,,
2023-12-08 13:39:46.038969,tf,NFO,39172,227.80,-10.70,1702022986,52965870,227.80,228.05,75,15,291.74,,,
2023-12-08 13:39:47.033602,tf,NFO,39172,228.95,-10.25,1702022987,52969590,228.50,228.75,225,45,,,,
2023-12-08 13:39:48.041097,tf,NFO,39172,228.85,-10.29,1702022988,,,,,,,,,
2023-12-08 13:39:48.235976,tf,NFO,39172,228.80,-10.31,1702022988,52972815,228.45,228.90,195,225,291.73,,,
2023-12-08 13:39:49.243807,tf,NFO,39172,226.55,-11.19,1702022989,52974525,226.15,226.50,45,120,,,,
2023-12-08 13:39:50.040601,tf,NFO,39172,227.45,-10.84,1702022990,,,,,,,,,
2023-12-08 13:39:50.441616,tf,NFO,39172,226.95,-11.03,1702022990,52977165,226.95,227.30,30,345,,,,
2023-12-08 13:39:51.042241,tf,NFO,39172,228.45,-10.45,1702022991,,,,,,,,,
2023-12-08 13:39:51.442952,tf,NFO,39172,228.35,-10.49,1702022991,52980225,227.90,228.30,15,150,291.72,,,
2023-12-08 13:39:52.041522,tf,NFO,39172,228.45,-10.45,1702022992,,,,,,,,,
2023-12-08 13:39:52.640835,tf,NFO,39172,227.70,-10.74,1702022992,52983825,,228.25,,225,,,,
2023-12-08 13:39:53.039335,tf,NFO,39172,228.90,-10.27,1702022993,52984755,228.05,228.45,,15,,,,
2023-12-08 13:39:54.045277,tf,NFO,39172,229.05,-10.21,1702022994,,,,,,,,,
2023-12-08 13:39:55.042770,tf,NFO,39172,229.25,-10.13,1702022995,,,,,,,,,
2023-12-08 13:39:56.043553,tf,NFO,39172,230.00,-9.84,1702022996,,,,,,,,,
2023-12-08 13:39:56.047551,tf,NFO,39172,230.75,-9.55,1702022996,52993230,230.50,230.90,,90,,,,
2023-12-08 13:39:57.043178,tf,NFO,39172,231.40,-9.29,1702022997,,,,,,,,,
2023-12-08 13:39:58.044413,tf,NFO,39172,230.90,-9.49,1702022998,,,,,,,,,
2023-12-08 13:39:59.045479,tf,NFO,39172,229.00,-10.23,1702022999,,,,,,,,,
2023-12-08 13:39:59.281664,tf,NFO,39172,229.50,-10.04,1702022999,52998915,229.10,229.55,105,270,,,,
2023-12-08 13:40:00.049458,tf,NFO,39172,228.70,-10.35,1702023000,,,,,,,,,
2023-12-08 13:40:00.253986,tf,NFO,39172,228.75,-10.33,1702023000,53001090,228.15,228.55,15,15,,,,
2023-12-08 13:40:01.047583,tf,NFO,39172,230.35,-9.70,1702023001,,,,,,,,,
2023-12-08 13:40:01.287434,tf,NFO,39172,229.80,-9.92,1702023001,53002605,230.25,230.70,45,135,,,,
2023-12-08 13:40:02.048959,tf,NFO,39172,230.90,-9.49,1702023002,,,,,,,,,
2023-12-08 13:40:02.452710,tf,NFO,39172,230.60,-9.60,1702023002,53004915,230.90,231.25,150,45,291.69,,,
2023-12-08 13:40:03.049205,tf,NFO,39172,230.80,-9.53,1702023003,,,,,,,,,
2023-12-08 13:40:03.457030,tf,NFO,39172,232.00,-9.06,1702023003,53007750,231.90,232.15,30,,,,,
2023-12-08 13:40:04.049819,tf,NFO,39172,232.55,-8.84,1702023004,,,,,,,,,
2023-12-08 13:40:04.462685,tf,NFO,39172,232.20,-8.98,1702023004,53008605,232.15,232.45,15,,,,,
2023-12-08 13:40:05.052170,tf,NFO,39172,231.80,-9.13,1702023005,,,,,,,,,
2023-12-08 13:40:05.663949,tf,NFO,39172,232.75,-8.76,1702023005,53009955,232.35,232.80,135,255,,,,
2023-12-08 13:40:06.063702,tf,NFO,39172,232.35,-8.92,1702023006,,,,,,,,,
2023-12-08 13:40:07.060082,tf,NFO,39172,232.50,-8.86,1702023007,,,,,,,,,
2023-12-08 13:40:08.055057,tf,NFO,39172,231.70,-9.17,1702023008,,,,,,,,,
2023-12-08 13:40:09.054565,tf,NFO,39172,230.75,-9.55,1702023009,,,,,,,,,
2023-12-08 13:40:09.070556,tf,NFO,39172,230.45,-9.66,1702023009,53017410,230.05,230.40,135,225,,,,
2023-12-08 13:40:10.056364,tf,NFO,39172,230.90,-9.49,1702023010,,,,,,,,,
2023-12-08 13:40:11.059556,tf,NFO,39172,231.40,-9.29,1702023011,,,,,,,,,
2023-12-08 13:40:12.055514,tf,NFO,39172,231.10,-9.41,1702023012,,,,,,,,,
2023-12-08 13:40:12.272805,tf,NFO,39172,228.80,-10.31,1702023012,53022630,228.75,228.95,90,,,,,
2023-12-08 13:40:13.088110,tf,NFO,39172,227.80,-10.70,1702023013,,,,,,,,,
2023-12-08 13:40:13.275991,tf,NFO,39172,228.15,-10.56,1702023013,53024445,227.80,228.15,15,225,,,,
2023-12-08 13:40:14.279370,tf,NFO,39172,228.00,-10.62,1702023014,53025060,227.70,228.10,45,90,,,,
2023-12-08 13:40:15.059040,tf,NFO,39172,227.10,-10.98,1702023015,,,,,,,,,
2023-12-08 13:40:16.060626,tf,NFO,39172,226.30,-11.29,1702023016,,,,,,,,,
2023-12-08 13:40:16.477920,tf,NFO,39172,226.60,-11.17,1702023016,53030265,226.20,226.65,270,,291.66,,,
2023-12-08 13:40:17.059559,tf,NFO,39172,226.05,-11.39,1702023017,,,,,,,,,
2023-12-08 13:40:17.478298,tf,NFO,39172,226.50,-11.21,1702023017,53031780,225.95,226.40,120,60,,,,
2023-12-08 13:40:18.060935,tf,NFO,39172,226.30,-11.29,1702023018,,,,,,,,,
2023-12-08 13:40:18.481675,tf,NFO,39172,227.30,-10.90,1702023018,53033055,226.80,227.20,420,15,,,,
2023-12-08 13:40:19.061314,tf,NFO,39172,226.90,-11.05,1702023019,,,,,,,,,
2023-12-08 13:40:19.486861,tf,NFO,39172,226.75,-11.11,1702023019,53034285,227.05,227.45,30,45,,,,
2023-12-08 13:40:31.180820,tf,NFO,39172,227.80,-10.70,1702023031,,,,,,,,,
2023-12-08 13:40:31.190812,tf,NFO,39172,227.40,-10.86,1702023031,53054760,227.40,227.85,150,15,291.63,,,
2023-12-08 13:40:32.068677,tf,NFO,39172,229.45,-10.05,1702023032,,,,,,,,,
2023-12-08 13:40:33.068670,tf,NFO,39172,230.00,-9.84,1702023033,,,,,,,,,
2023-12-08 13:40:33.303173,tf,NFO,39172,230.15,-9.78,1702023033,53059680,229.90,230.30,135,60,,,,
2023-12-08 13:40:34.069848,tf,NFO,39172,230.75,-9.55,1702023034,,,,,,,,,
2023-12-08 13:40:34.307673,tf,NFO,39172,231.20,-9.37,1702023034,53063610,230.70,231.10,15,210,291.62,,,
2023-12-08 13:40:35.071478,tf,NFO,39172,230.95,-9.47,1702023035,,,,,,,,,
2023-12-08 13:40:35.347141,tf,NFO,39172,230.80,-9.53,1702023035,53064000,230.50,230.75,,135,,,,
2023-12-08 13:40:36.069662,tf,NFO,39172,231.00,-9.45,1702023036,,,,,,,,,
2023-12-08 13:40:36.315825,tf,NFO,39172,231.10,-9.41,1702023036,53065125,231.15,231.50,105,30,,,,
2023-12-08 13:40:37.070484,tf,NFO,39172,230.95,-9.47,1702023037,,,,,,,,,
2023-12-08 13:40:37.515884,tf,NFO,39172,231.00,-9.45,1702023037,53068110,230.35,230.75,150,45,,,,
2023-12-08 13:40:38.068655,tf,NFO,39172,230.40,-9.68,1702023038,,,,,,,,,
2023-12-08 13:40:38.515421,tf,NFO,39172,230.70,-9.56,1702023038,53070255,230.55,230.95,60,105,,,,
2023-12-08 13:40:39.073733,tf,NFO,39172,230.90,-9.49,1702023039,,,,,,,,,
2023-12-08 13:40:39.724027,tf,NFO,39172,230.75,-9.55,1702023039,53072190,230.45,230.80,105,180,291.61,,,
2023-12-08 13:40:40.071189,tf,NFO,39172,230.90,-9.49,1702023040,,,,,,,,,
2023-12-08 13:40:41.071857,tf,NFO,39172,229.70,-9.96,1702023041,,,,,,,,,
2023-12-08 13:40:52.214968,tf,NFO,39172,228.60,-10.39,1702023052,,,,,,,,,
2023-12-08 13:40:52.218964,tf,NFO,39172,229.05,-10.21,1702023052,53087745,229.05,229.40,,,,,,
2023-12-08 13:40:53.086608,tf,NFO,39172,229.90,-9.88,1702023053,,,,,,,,,
2023-12-08 13:40:53.138576,tf,NFO,39172,230.00,-9.84,1702023053,53088420,229.85,230.00,240,1800,291.59,,,
2023-12-08 13:40:54.085031,tf,NFO,39172,230.25,-9.74,1702023054,,,,,,,,,
2023-12-08 13:40:55.087095,tf,NFO,39172,230.35,-9.70,1702023055,,,,,,,,,
2023-12-08 13:40:55.142241,tf,NFO,39172,230.60,-9.60,1702023055,53093775,230.35,230.65,15,120,,,,
2023-12-08 13:40:56.086361,tf,NFO,39172,229.50,-10.04,1702023056,,,,,,,,,
2023-12-08 13:40:56.146645,tf,NFO,39172,229.55,-10.02,1702023056,53094315,229.55,229.95,345,75,,,,
2023-12-08 13:40:57.087738,tf,NFO,39172,229.80,-9.92,1702023057,,,,,,,,,
2023-12-08 13:40:58.097085,tf,NFO,39172,230.50,-9.64,1702023058,,,,,,,,,
2023-12-08 13:40:58.148052,tf,NFO,39172,230.15,-9.78,1702023058,53095110,230.10,230.25,105,105,,,,
2023-12-08 13:40:59.090617,tf,NFO,39172,230.80,-9.53,1702023059,,,,,,,,,
2023-12-08 13:40:59.346454,tf,NFO,39172,231.00,-9.45,1702023059,53095515,230.95,231.30,45,60,,,,
2023-12-08 13:41:00.093313,tf,NFO,39172,231.30,-9.33,1702023060,,,,,,,,,
2023-12-08 13:41:00.145406,tf,NFO,39172,232.10,-9.02,1702023060,53098380,231.85,232.20,30,30,291.58,,,
2023-12-08 13:41:01.095599,tf,NFO,39172,232.85,-8.72,1702023061,,,,,,,,,
2023-12-08 13:41:02.091981,tf,NFO,39172,231.70,-9.17,1702023062,,,,,,,,,
2023-12-08 13:41:02.157939,tf,NFO,39172,232.00,-9.06,1702023062,53099985,231.90,232.00,,105,,,,
2023-12-08 13:41:03.106351,tf,NFO,39172,233.15,-8.60,1702023063,,,,,,,,,
2023-12-08 13:41:03.156321,tf,NFO,39172,232.75,-8.76,1702023063,53101335,232.30,232.75,75,120,,,,
2023-12-08 13:41:04.097735,tf,NFO,39172,232.70,-8.78,1702023064,,,,,,,,,
2023-12-08 13:41:04.163693,tf,NFO,39172,232.75,-8.76,1702023064,53102580,232.60,232.80,15,60,,,,
2023-12-08 13:41:05.111105,tf,NFO,39172,233.65,-8.41,1702023065,,,,,,,,,
2023-12-08 13:41:06.093561,tf,NFO,39172,232.95,-8.68,1702023066,,,,,,,,,
2023-12-08 13:41:06.156521,tf,NFO,39172,232.90,-8.70,1702023066,53104635,232.90,233.25,15,45,,,,
2023-12-08 13:41:08.094316,tf,NFO,39172,232.35,-8.92,1702023068,,,,,,,,,
2023-12-08 13:41:09.119681,tf,NFO,39172,231.95,-9.07,1702023069,,,,,,,,,
2023-12-08 13:41:09.181642,tf,NFO,39172,231.85,-9.11,1702023069,53108970,231.40,231.80,75,60,,,,
2023-12-08 13:41:10.096073,tf,NFO,39172,231.00,-9.45,1702023070,,,,,,,,,
2023-12-08 13:41:10.167030,tf,NFO,39172,231.15,-9.39,1702023070,53110170,230.75,231.10,30,75,,,,
2023-12-08 13:41:11.174404,tf,NFO,39172,231.00,-9.45,1702023071,,,,,,,,,
2023-12-08 13:41:11.365285,tf,NFO,39172,230.95,-9.47,1702023071,53111475,230.95,231.45,,135,,,,
2023-12-08 13:41:12.097830,tf,NFO,39172,230.50,-9.64,1702023072,,,,,,,,,
2023-12-08 13:41:12.376657,tf,NFO,39172,230.65,-9.58,1702023072,53113050,230.65,230.70,105,15,,,,
2023-12-08 13:41:13.133185,tf,NFO,39172,230.75,-9.55,1702023073,,,,,,,,,
2023-12-08 13:41:13.370039,tf,NFO,39172,230.50,-9.64,1702023073,53115525,230.50,230.90,15,285,291.56,,,
2023-12-08 13:41:14.101097,tf,NFO,39172,231.20,-9.37,1702023074,,,,,,,,,
2023-12-08 13:41:14.370930,tf,NFO,39172,230.15,-9.78,1702023074,53117610,230.20,230.55,30,150,,,,
2023-12-08 13:41:15.155952,tf,NFO,39172,230.50,-9.64,1702023075,,,,,,,,,
2023-12-08 13:41:16.100380,tf,NFO,39172,230.90,-9.49,1702023076,,,,,,,,,
2023-12-08 13:41:16.571089,tf,NFO,39172,232.00,-9.06,1702023076,53120940,232.05,232.40,195,90,,,,
2023-12-08 13:41:17.147242,tf,NFO,39172,232.10,-9.02,1702023077,,,,,,,,,
2023-12-08 13:41:17.581481,tf,NFO,39172,231.80,-9.13,1702023077,53121375,231.85,232.30,30,330,,,,
2023-12-08 13:41:18.100158,tf,NFO,39172,232.45,-8.88,1702023078,,,,,,,,,
2023-12-08 13:41:18.578863,tf,NFO,39172,232.35,-8.92,1702023078,53122170,232.15,232.50,150,45,,,,
2023-12-08 13:41:19.129521,tf,NFO,39172,231.85,-9.11,1702023079,,,,,,,,,
2023-12-08 13:41:19.776118,tf,NFO,39172,231.55,-9.23,1702023079,53123505,231.60,232.00,450,285,,,,
2023-12-08 13:41:20.110910,tf,NFO,39172,231.45,-9.27,1702023080,,,,,,,,,
2023-12-08 13:41:21.138272,tf,NFO,39172,232.00,-9.06,1702023081,,,,,,,,,
2023-12-08 13:41:21.202232,tf,NFO,39172,231.45,-9.27,1702023081,53123880,231.20,231.65,60,105,291.55,,,
2023-12-08 13:41:22.104673,tf,NFO,39172,230.80,-9.53,1702023082,,,,,,,,,
2023-12-08 13:41:23.140036,tf,NFO,39172,230.70,-9.56,1702023083,,,,,,,,,
2023-12-08 13:41:24.103434,tf,NFO,39172,232.35,-8.92,1702023084,,,,,,,,,
2023-12-08 13:41:24.183386,tf,NFO,39172,231.95,-9.07,1702023084,53128080,231.65,232.00,60,,,,,
2023-12-08 13:41:25.136386,tf,NFO,39172,231.60,-9.21,1702023085,,,,,,,,,
2023-12-08 13:41:26.105511,tf,NFO,39172,230.60,-9.60,1702023086,,,,,,,,,
2023-12-08 13:41:27.122110,tf,NFO,39172,231.65,-9.19,1702023087,,,,,,,,,
2023-12-08 13:41:27.204058,tf,NFO,39172,231.80,-9.13,1702023087,53131590,231.35,231.80,345,60,,,,
2023-12-08 13:41:28.118095,tf,NFO,39172,231.35,-9.31,1702023088,,,,,,,,,
2023-12-08 13:41:29.138123,tf,NFO,39172,231.55,-9.23,1702023089,,,,,,,,,
2023-12-08 13:41:30.107930,tf,NFO,39172,230.40,-9.68,1702023090,,,,,,,,,
2023-12-08 13:41:30.397586,tf,NFO,39172,231.10,-9.41,1702023090,53133780,230.70,231.05,120,90,291.54,,,
2023-12-08 13:41:31.125376,tf,NFO,39172,230.75,-9.55,1702023091,,,,,,,,,
2023-12-08 13:41:31.403537,tf,NFO,39172,231.05,-9.43,1702023091,53134305,230.55,230.95,30,120,,,,
2023-12-08 13:41:32.109668,tf,NFO,39172,230.75,-9.55,1702023092,,,,,,,,,
2023-12-08 13:41:32.398758,tf,NFO,39172,231.40,-9.29,1702023092,53135205,231.05,231.50,75,285,,,,
2023-12-08 13:41:33.128663,tf,NFO,39172,232.20,-8.98,1702023093,,,,,,,,,
2023-12-08 13:41:33.796998,tf,NFO,39172,232.30,-8.94,1702023093,53137515,232.30,232.70,645,60,,,,
2023-12-08 13:41:34.116457,tf,NFO,39172,231.60,-9.21,1702023094,,,,,,,,,
2023-12-08 13:41:35.127835,tf,NFO,39172,232.10,-9.02,1702023095,,,,,,,,,
2023-12-08 13:41:35.213782,tf,NFO,39172,231.75,-9.15,1702023095,53138100,231.70,232.10,45,90,,,,
2023-12-08 13:41:36.121567,tf,NFO,39172,232.80,-8.74,1702023096,,,,,,,,,
2023-12-08 13:41:37.129606,tf,NFO,39172,232.70,-8.78,1702023097,,,,,,,,,
2023-12-08 13:41:37.222545,tf,NFO,39172,232.65,-8.80,1702023097,53142405,232.60,232.90,15,45,291.53,,,
2023-12-08 13:41:38.118630,tf,NFO,39172,232.85,-8.72,1702023098,,,,,,,,,
2023-12-08 13:41:38.216569,tf,NFO,39172,233.00,-8.66,1702023098,53143110,233.55,233.85,30,120,,,,
2023-12-08 13:41:39.211152,tf,NFO,39172,234.00,-8.27,1702023099,,,,,,,,,
2023-12-08 13:41:39.215150,tf,NFO,39172,234.35,-8.13,1702023099,53144415,234.10,234.50,420,105,,,,
2023-12-08 13:41:40.121612,tf,NFO,39172,234.70,-8.00,1702023100,,,,,,,,,
2023-12-08 13:41:40.208563,tf,NFO,39172,234.25,-8.17,1702023100,53145825,234.55,234.70,15,15,,,,
2023-12-08 13:41:41.139725,tf,NFO,39172,234.75,-7.98,1702023101,,,,,,,,,
2023-12-08 13:41:42.125249,tf,NFO,39172,232.35,-8.92,1702023102,,,,,,,,,
2023-12-08 13:41:42.410781,tf,NFO,39172,232.20,-8.98,1702023102,53153550,232.35,232.60,15,30,291.52,,,
2023-12-08 13:41:43.132291,tf,NFO,39172,232.65,-8.80,1702023103,,,,,,,,,
2023-12-08 13:41:44.119845,tf,NFO,39172,232.15,-9.00,1702023104,,,,,,,,,
2023-12-08 13:41:45.135061,tf,NFO,39172,232.10,-9.02,1702023105,,,,,,,,,
2023-12-08 13:41:45.225003,tf,NFO,39172,231.50,-9.25,1702023105,53156355,231.45,231.85,30,135,,,,
2023-12-08 13:41:46.129398,tf,NFO,39172,230.75,-9.55,1702023106,,,,,,,,,
2023-12-08 13:41:47.134172,tf,NFO,39172,230.60,-9.60,1702023107,,,,,,,,,
2023-12-08 13:41:47.223117,tf,NFO,39172,230.25,-9.74,1702023107,53159385,230.20,230.60,15,75,,,,
2023-12-08 13:41:48.120798,tf,NFO,39172,231.35,-9.31,1702023108,,,,,,,,,
2023-12-08 13:41:48.225320,tf,NFO,39172,231.40,-9.29,1702023108,53160600,231.00,231.45,105,165,291.51,,,
2023-12-08 13:41:49.146386,tf,NFO,39172,232.10,-9.02,1702023109,,,,,,,,,
2023-12-08 13:41:49.277305,tf,NFO,39172,232.30,-8.94,1702023109,53160975,232.20,232.45,15,60,,,,
2023-12-08 13:41:50.131889,tf,NFO,39172,232.80,-8.74,1702023110,,,,,,,,,
2023-12-08 13:41:50.221630,tf,NFO,39172,232.40,-8.90,1702023110,53161275,232.05,232.50,195,,,,,
2023-12-08 13:41:51.130115,tf,NFO,39172,233.00,-8.66,1702023111,,,,,,,,,
2023-12-08 13:41:52.122199,tf,NFO,39172,233.25,-8.57,1702023112,,,,,,,,,
2023-12-08 13:41:53.131792,tf,NFO,39172,233.15,-8.60,1702023113,,,,,,,,,
2023-12-08 13:41:53.224733,tf,NFO,39172,233.70,-8.39,1702023113,53166315,232.75,233.20,255,15,,,,
2023-12-08 13:41:54.124973,tf,NFO,39172,234.25,-8.17,1702023114,,,,,,,,,
2023-12-08 13:41:55.131587,tf,NFO,39172,234.05,-8.25,1702023115,,,,,,,,,
2023-12-08 13:41:56.126367,tf,NFO,39172,234.65,-8.02,1702023116,,,,,,,,,
2023-12-08 13:41:56.229693,tf,NFO,39172,235.70,-7.60,1702023116,53170980,235.20,235.50,,120,291.50,,,
2023-12-08 13:41:57.138502,tf,NFO,39172,235.05,-7.86,1702023117,,,,,,,,,
2023-12-08 13:41:57.250433,tf,NFO,39172,235.00,-7.88,1702023117,53172645,234.90,235.40,420,60,,,,
2023-12-08 13:41:58.132989,tf,NFO,39172,234.50,-8.08,1702023118,,,,,,,2134260,,
2023-12-08 13:41:58.437167,tf,NFO,39172,234.80,-7.96,1702023118,53174220,234.75,235.20,150,15,,,,
2023-12-08 13:41:59.133397,tf,NFO,39172,235.80,-7.57,1702023119,,,,,,,,,
2023-12-08 13:41:59.641052,tf,NFO,39172,235.40,-7.72,1702023119,53174745,235.20,235.65,120,270,,,,
2023-12-08 13:42:00.129748,tf,NFO,39172,235.65,-7.62,1702023120,,,,,,,,,
2023-12-08 13:42:00.239679,tf,NFO,39172,235.40,-7.72,1702023120,53175045,,235.60,210,15,,,,
2023-12-08 13:42:01.150894,tf,NFO,39172,237.20,-7.02,1702023121,,,,,,,,,
2023-12-08 13:42:01.616603,tf,NFO,39172,237.35,-6.96,1702023121,53179620,237.65,237.90,165,120,291.49,,,
2023-12-08 13:42:02.142276,tf,NFO,39172,236.80,-7.17,1702023122,,,,,,,,,
2023-12-08 13:42:02.654791,tf,NFO,39172,237.20,-7.02,1702023122,53180955,236.60,237.05,30,180,,,,
2023-12-08 13:42:03.140017,tf,NFO,39172,236.95,-7.11,1702023123,,,,,,,,,
2023-12-08 13:42:03.652519,tf,NFO,39172,238.25,-6.61,1702023123,53183325,237.50,237.90,90,135,,,,
2023-12-08 13:42:04.132017,tf,NFO,39172,236.90,-7.13,1702023124,,,,,,,,,
2023-12-08 13:42:04.652205,tf,NFO,39172,237.05,-7.08,1702023124,53184075,236.80,237.20,45,60,,,,
2023-12-08 13:42:05.136904,tf,NFO,39172,238.55,-6.49,1702023125,,,,,,,,,
2023-12-08 13:42:05.244837,tf,NFO,39172,238.65,-6.45,1702023125,53185335,238.30,238.70,15,135,,,,
2023-12-08 13:42:06.133044,tf,NFO,39172,238.00,-6.70,1702023126,,,,,,,,,
2023-12-08 13:42:06.253911,tf,NFO,39172,238.30,-6.59,1702023126,53186160,238.10,238.50,,30,,,,
2023-12-08 13:42:07.153789,tf,NFO,39172,237.75,-6.80,1702023127,,,,,,,,,
2023-12-08 13:42:07.454200,tf,NFO,39172,237.90,-6.74,1702023127,53190840,237.50,238.00,390,180,291.48,,,
2023-12-08 13:42:08.150891,tf,NFO,39172,237.80,-6.78,1702023128,,,,,,,,,
2023-12-08 13:42:08.454795,tf,NFO,39172,237.95,-6.72,1702023128,53192205,,237.95,135,30,,,,
2023-12-08 13:42:09.165350,tf,NFO,39172,237.20,-7.02,1702023129,,,,,,,,,
2023-12-08 13:42:09.655339,tf,NFO,39172,237.50,-6.90,1702023129,53193510,237.05,237.45,150,45,,,,
2023-12-08 13:42:10.139037,tf,NFO,39172,235.30,-7.76,1702023130,,,,,,,,,
2023-12-08 13:42:10.664818,tf,NFO,39172,234.90,-7.92,1702023130,53198520,234.80,235.00,15,15,291.47,,,
2023-12-08 13:42:11.141918,tf,NFO,39172,235.05,-7.86,1702023131,,,,,,,,,
2023-12-08 13:42:11.663012,tf,NFO,39172,234.85,-7.94,1702023131,53199900,234.85,235.20,,195,,,,
2023-12-08 13:42:12.157054,tf,NFO,39172,234.55,-8.06,1702023132,,,,,,,,,
2023-12-08 13:42:12.258991,tf,NFO,39172,235.65,-7.62,1702023132,53200740,235.35,235.80,465,45,,,,
2023-12-08 13:42:13.153348,tf,NFO,39172,235.50,-7.68,1702023133,,,,,,,,,
2023-12-08 13:42:13.465328,tf,NFO,39172,236.10,-7.45,1702023133,53203080,235.80,236.20,60,135,,,,
2023-12-08 13:42:14.137042,tf,NFO,39172,236.40,-7.33,1702023134,,,,,,,,,
2023-12-08 13:42:15.177822,tf,NFO,39172,236.10,-7.45,1702023135,,,,,,,,,
2023-12-08 13:42:16.157470,tf,NFO,39172,236.70,-7.21,1702023136,,,,,,,,,
2023-12-08 13:42:16.473717,tf,NFO,39172,236.15,-7.43,1702023136,53208300,236.15,236.65,480,330,291.46,,,
2023-12-08 13:42:17.161821,tf,NFO,39172,237.05,-7.08,1702023137,,,,,,,,,
2023-12-08 13:42:17.671027,tf,NFO,39172,237.35,-6.96,1702023137,53209380,237.15,237.55,30,150,,,,
2023-12-08 13:42:18.144107,tf,NFO,39172,237.40,-6.94,1702023138,,,,,,,,,
2023-12-08 13:42:18.674789,tf,NFO,39172,237.10,-7.06,1702023138,53212380,237.35,237.75,45,,,,,
2023-12-08 13:42:19.171192,tf,NFO,39172,237.55,-6.88,1702023139,,,,,,,,,
2023-12-08 13:42:19.669507,tf,NFO,39172,237.90,-6.74,1702023139,53214285,237.95,238.30,15,15,,,,
2023-12-08 13:42:20.150074,tf,NFO,39172,238.70,-6.43,1702023140,,,,,,,,,
2023-12-08 13:42:20.671409,tf,NFO,39172,238.25,-6.61,1702023140,53214960,237.85,238.25,45,75,,,,
2023-12-08 13:42:21.141168,tf,NFO,39172,238.00,-6.70,1702023141,,,,,,,,,
2023-12-08 13:42:21.269088,tf,NFO,39172,238.05,-6.68,1702023141,53215230,237.60,237.95,15,45,,,,
2023-12-08 13:42:22.163463,tf,NFO,39172,237.50,-6.90,1702023142,,,,,,,,,
2023-12-08 13:42:22.280067,tf,NFO,39172,237.15,-7.04,1702023142,53220165,237.15,237.60,45,345,291.45,,,
2023-12-08 13:42:23.203513,tf,NFO,39172,237.00,-7.10,1702023143,,,,,,,,,
2023-12-08 13:42:23.477342,tf,NFO,39172,237.10,-7.06,1702023143,53221665,236.15,236.55,,480,,,,
2023-12-08 13:42:24.197294,tf,NFO,39172,236.70,-7.21,1702023144,,,,,,,,,
2023-12-08 13:42:25.167241,tf,NFO,39172,236.10,-7.45,1702023145,,,,,,,,,
2023-12-08 13:42:25.486830,tf,NFO,39172,236.25,-7.39,1702023145,53223675,236.05,236.45,450,30,,,,
2023-12-08 13:42:26.146677,tf,NFO,39172,236.50,-7.29,1702023146,,,,,,,,,
2023-12-08 13:42:27.169880,tf,NFO,39172,236.40,-7.33,1702023147,,,,,,,,,
2023-12-08 13:42:28.146154,tf,NFO,39172,237.10,-7.06,1702023148,,,,,,,,,
2023-12-08 13:42:28.284663,tf,NFO,39172,237.00,-7.10,1702023148,53227515,,236.95,15,30,291.44,,,
2023-12-08 13:42:29.144721,tf,NFO,39172,235.75,-7.59,1702023149,,,,,,,,,
2023-12-08 13:42:29.284636,tf,NFO,39172,235.85,-7.55,1702023149,53228865,235.45,235.85,90,315,,,,
2023-12-08 13:42:30.143512,tf,NFO,39172,235.35,-7.74,1702023150,,,,,,,,,
2023-12-08 13:42:30.293532,tf,NFO,39172,235.70,-7.60,1702023150,53229570,235.00,235.40,1545,165,,,,
2023-12-08 13:42:31.156672,tf,NFO,39172,235.45,-7.70,1702023151,,,,,,,,,
2023-12-08 13:42:31.296585,tf,NFO,39172,235.55,-7.66,1702023151,53230170,235.20,235.60,60,270,,,,
2023-12-08 13:42:32.150229,tf,NFO,39172,235.40,-7.72,1702023152,,,,,,,,,
2023-12-08 13:42:33.172660,tf,NFO,39172,233.55,-8.45,1702023153,,,,,,,,,
2023-12-08 13:42:33.289587,tf,NFO,39172,233.65,-8.41,1702023153,53234595,233.15,233.50,30,345,,,,
2023-12-08 13:42:34.156768,tf,NFO,39172,233.00,-8.66,1702023154,,,,,,,,,
2023-12-08 13:42:35.293431,tf,NFO,39172,232.90,-8.70,1702023155,53237940,232.55,232.95,75,105,291.43,,,
2023-12-08 13:42:36.146648,tf,NFO,39172,232.85,-8.72,1702023156,,,,,,,,,
2023-12-08 13:42:36.295561,tf,NFO,39172,232.80,-8.74,1702023156,53239515,232.80,233.15,135,75,,,,
2023-12-08 13:42:37.156367,tf,NFO,39172,234.05,-8.25,1702023157,,,,,,,,,
2023-12-08 13:42:37.296279,tf,NFO,39172,234.30,-8.15,1702023157,53242935,233.85,234.30,210,285,,,,
2023-12-08 13:42:38.157985,tf,NFO,39172,233.65,-8.41,1702023158,,,,,,,,,
2023-12-08 13:42:39.157117,tf,NFO,39172,232.45,-8.88,1702023159,,,,,,,,,
2023-12-08 13:42:39.520002,tf,NFO,39172,232.00,-9.06,1702023159,53245350,232.00,232.40,465,60,,,,
2023-12-08 13:42:40.150693,tf,NFO,39172,232.35,-8.92,1702023160,,,,,,,,,
2023-12-08 13:42:41.170300,tf,NFO,39172,231.55,-9.23,1702023161,,,,,,,,,
2023-12-08 13:42:41.722571,tf,NFO,39172,231.80,-9.13,1702023161,53247900,231.30,231.65,,300,,,,
2023-12-08 13:42:42.154054,tf,NFO,39172,231.15,-9.39,1702023162,,,,,,,,,
2023-12-08 13:42:42.909725,tf,NFO,39172,231.55,-9.23,1702023162,53248275,231.65,232.00,75,105,,,,
2023-12-08 13:42:43.153635,tf,NFO,39172,232.10,-9.02,1702023163,,,,,,,,,
2023-12-08 13:42:43.307539,tf,NFO,39172,231.75,-9.15,1702023163,53248800,231.20,231.55,105,15,,,,
2023-12-08 13:42:44.155466,tf,NFO,39172,231.55,-9.23,1702023164,,,,,,,,,
2023-12-08 13:42:44.307426,tf,NFO,39172,232.35,-8.92,1702023164,53249925,232.35,232.75,30,90,,,,
2023-12-08 13:42:45.180088,tf,NFO,39172,232.40,-8.90,1702023165,,,,,,,,,
2023-12-08 13:42:45.313005,tf,NFO,39172,232.25,-8.96,1702023165,53250465,231.75,232.15,15,270,,,,
2023-12-08 13:42:46.155237,tf,NFO,39172,231.35,-9.31,1702023166,,,,,,,,,
2023-12-08 13:42:46.318729,tf,NFO,39172,232.05,-9.04,1702023166,53251755,231.70,232.05,165,15,,,,
2023-12-08 13:42:47.203949,tf,NFO,39172,232.95,-8.68,1702023167,,,,,,,,,
2023-12-08 13:42:48.157963,tf,NFO,39172,234.50,-8.08,1702023168,,,,,,,,,
2023-12-08 13:42:48.517935,tf,NFO,39172,234.05,-8.25,1702023168,53254035,234.45,234.80,150,60,,,,
2023-12-08 13:42:49.167999,tf,NFO,39172,234.25,-8.17,1702023169,,,,,,,,,
2023-12-08 13:42:49.723989,tf,NFO,39172,234.65,-8.02,1702023169,53254440,234.30,234.65,15,30,,,,
2023-12-08 13:42:50.162098,tf,NFO,39172,234.05,-8.25,1702023170,,,,,,,,,
2023-12-08 13:42:50.725028,tf,NFO,39172,233.75,-8.37,1702023170,53258055,233.80,234.00,60,480,291.41,,,
2023-12-08 13:42:51.157266,tf,NFO,39172,233.85,-8.33,1702023171,,,,,,,,,
2023-12-08 13:42:52.157984,tf,NFO,39172,233.40,-8.51,1702023172,,,,,,,,,
2023-12-08 13:42:52.733458,tf,NFO,39172,233.30,-8.55,1702023172,53259270,233.50,233.90,15,180,,,,
2023-12-08 13:42:53.184502,tf,NFO,39172,233.55,-8.45,1702023173,,,,,,,,,
2023-12-08 13:42:54.155891,tf,NFO,39172,233.30,-8.55,1702023174,,,,,,,,,
2023-12-08 13:42:55.164462,tf,NFO,39172,233.10,-8.62,1702023175,,,,,,,,,
2023-12-08 13:42:55.527173,tf,NFO,39172,233.30,-8.55,1702023175,53260170,,233.45,270,60,,,,
2023-12-08 13:42:56.166128,tf,NFO,39172,233.45,-8.49,1702023176,,,,,,,,,
2023-12-08 13:42:56.727440,tf,NFO,39172,233.40,-8.51,1702023176,53261565,233.30,233.50,15,270,,,,
2023-12-08 13:42:57.166976,tf,NFO,39172,232.65,-8.80,1702023177,,,,,,,,,
2023-12-08 13:42:58.162324,tf,NFO,39172,231.80,-9.13,1702023178,,,,,,,,,
2023-12-08 13:42:59.188323,tf,NFO,39172,232.20,-8.98,1702023179,,,,,,,,,
2023-12-08 13:42:59.330234,tf,NFO,39172,232.10,-9.02,1702023179,53264535,,232.05,60,285,291.40,,,
2023-12-08 13:43:00.159050,tf,NFO,39172,231.65,-9.19,1702023180,,,,,,,,,
2023-12-08 13:43:01.191508,tf,NFO,39172,232.25,-8.96,1702023181,,,,,,,,,
2023-12-08 13:43:01.337416,tf,NFO,39172,232.15,-9.00,1702023181,53266605,232.20,232.50,15,150,,,,
2023-12-08 13:43:02.179894,tf,NFO,39172,233.70,-8.39,1702023182,,,,,,,,,
2023-12-08 13:43:02.343790,tf,NFO,39172,233.45,-8.49,1702023182,53270250,233.40,233.60,180,60,,,,
2023-12-08 13:43:03.210252,tf,NFO,39172,232.10,-9.02,1702023183,,,,,,,,,
2023-12-08 13:43:03.356163,tf,NFO,39172,232.20,-8.98,1702023183,53270415,232.05,232.45,,210,,,,
2023-12-08 13:43:04.159662,tf,NFO,39172,231.95,-9.07,1702023184,,,,,,,,,
2023-12-08 13:43:04.352543,tf,NFO,39172,232.00,-9.06,1702023184,53273250,231.60,232.05,210,150,291.39,,,
2023-12-08 13:43:05.162040,tf,NFO,39172,232.20,-8.98,1702023185,,,,,,,,,
2023-12-08 13:43:05.342926,tf,NFO,39172,232.00,-9.06,1702023185,53277435,,,195,60,,,,
2023-12-08 13:43:06.186403,tf,NFO,39172,231.80,-9.13,1702023186,,,,,,,,,
2023-12-08 13:43:06.355298,tf,NFO,39172,232.15,-9.00,1702023186,53278425,231.70,232.15,270,435,,,,
2023-12-08 13:43:07.173790,tf,NFO,39172,231.85,-9.11,1702023187,,,,,,,,,
2023-12-08 13:43:08.161682,tf,NFO,39172,231.35,-9.31,1702023188,,,,,,,,,
2023-12-08 13:43:08.546445,tf,NFO,39172,231.70,-9.17,1702023188,53286015,231.60,232.00,150,75,291.38,,,
2023-12-08 13:43:09.166060,tf,NFO,39172,231.55,-9.23,1702023189,,,,,,,,,
2023-12-08 13:43:09.551820,tf,NFO,39172,231.50,-9.25,1702023189,53286180,231.85,232.15,180,,,,,
2023-12-08 13:43:10.171435,tf,NFO,39172,231.00,-9.45,1702023190,,,,,,,,,
2023-12-08 13:43:10.350325,tf,NFO,39172,230.95,-9.47,1702023190,53287425,230.45,230.90,345,225,,,,
2023-12-08 13:43:11.168816,tf,NFO,39172,230.35,-9.70,1702023191,,,,,,,,,
2023-12-08 13:43:11.350704,tf,NFO,39172,230.00,-9.84,1702023191,53289780,230.00,230.30,6330,30,,,,
2023-12-08 13:43:12.170193,tf,NFO,39172,230.50,-9.64,1702023192,,,,,,,,,
2023-12-08 13:43:12.354079,tf,NFO,39172,230.65,-9.58,1702023192,53292465,230.35,230.75,315,150,291.37,,,
2023-12-08 13:43:13.192557,tf,NFO,39172,230.85,-9.51,1702023193,,,,,,,,,
2023-12-08 13:43:13.354458,tf,NFO,39172,230.95,-9.47,1702023193,53299035,230.95,231.40,120,540,,,,
2023-12-08 13:43:14.169460,tf,NFO,39172,230.10,-9.80,1702023194,,,,,,,,,
2023-12-08 13:43:14.362340,tf,NFO,39172,230.05,-9.82,1702023194,53301885,230.10,230.45,60,90,291.36,,,
2023-12-08 13:43:15.177835,tf,NFO,39172,230.55,-9.62,1702023195,,,,,,,,,
2023-12-08 13:43:15.561595,tf,NFO,39172,230.50,-9.64,1702023195,53302440,230.40,230.75,150,30,,,,
2023-12-08 13:43:16.170218,tf,NFO,39172,228.90,-10.27,1702023196,,,,,,,,,
2023-12-08 13:43:16.358099,tf,NFO,39172,228.75,-10.33,1702023196,53303205,228.75,228.95,45,60,,,,
2023-12-08 13:43:17.210571,tf,NFO,39172,229.90,-9.88,1702023197,,,,,,,,,
2023-12-08 13:43:17.359478,tf,NFO,39172,230.20,-9.76,1702023197,53304600,229.85,230.25,,,,,,
2023-12-08 13:43:18.172973,tf,NFO,39172,230.50,-9.64,1702023198,,,,,,,,,
2023-12-08 13:43:18.364853,tf,NFO,39172,230.05,-9.82,1702023198,53306475,230.10,230.45,,195,,,,
2023-12-08 13:43:19.185344,tf,NFO,39172,230.50,-9.64,1702023199,,,,,,,,,
2023-12-08 13:43:19.374226,tf,NFO,39172,230.10,-9.80,1702023199,53307075,230.20,230.60,165,375,,,,
2023-12-08 13:43:20.177727,tf,NFO,39172,230.40,-9.68,1702023200,,,,,,,,,
2023-12-08 13:43:20.366609,tf,NFO,39172,230.70,-9.56,1702023200,53309130,230.60,231.05,240,45,291.35,,,
2023-12-08 13:43:21.225076,tf,NFO,39172,229.10,-10.19,1702023201,,,,,,,,,
2023-12-08 13:43:21.368987,tf,NFO,39172,228.65,-10.37,1702023201,53310060,228.70,229.15,150,270,,,,
2023-12-08 13:43:22.175486,tf,NFO,39172,227.65,-10.76,1702023202,,,,,,,,,
2023-12-08 13:43:22.381684,tf,NFO,39172,228.00,-10.62,1702023202,53312790,227.60,228.00,195,165,,,,
2023-12-08 13:43:23.176211,tf,NFO,39172,229.85,-9.90,1702023203,,,,,,,,,
2023-12-08 13:43:23.394075,tf,NFO,39172,230.05,-9.82,1702023203,53314020,230.05,230.50,60,75,,,,
2023-12-08 13:43:24.178511,tf,NFO,39172,229.35,-10.09,1702023204,,,,,,,,,
2023-12-08 13:43:24.375915,tf,NFO,39172,229.20,-10.15,1702023204,53318040,228.95,229.30,,165,291.34,,,
2023-12-08 13:43:25.177734,tf,NFO,39172,229.50,-10.04,1702023205,,,,,,,,,
2023-12-08 13:43:26.179873,tf,NFO,39172,228.80,-10.31,1702023206,,,,,,,,,
2023-12-08 13:43:26.380764,tf,NFO,39172,228.45,-10.45,1702023206,53321145,228.05,228.40,165,255,,,,
2023-12-08 13:43:27.181603,tf,NFO,39172,227.85,-10.68,1702023207,,,,,,,,,
2023-12-08 13:43:27.376480,tf,NFO,39172,227.65,-10.76,1702023207,53322420,227.60,228.00,90,420,,,,
2023-12-08 13:43:28.177341,tf,NFO,39172,226.90,-11.05,1702023208,,,,,,,,,
2023-12-08 13:43:28.380739,tf,NFO,39172,227.50,-10.82,1702023208,53325135,227.15,227.50,150,90,,,,
2023-12-08 13:43:29.195240,tf,NFO,39172,227.95,-10.64,1702023209,,,,,,,,,
2023-12-08 13:43:30.181887,tf,NFO,39172,229.35,-10.09,1702023210,,,,,,,,,
2023-12-08 13:43:30.382474,tf,NFO,39172,229.40,-10.07,1702023210,53329440,228.60,229.10,165,645,,,,
2023-12-08 13:43:31.188476,tf,NFO,39172,228.80,-10.31,1702023211,,,,,,,,,
2023-12-08 13:43:31.385352,tf,NFO,39172,228.40,-10.47,1702023211,53330880,228.10,228.50,90,315,,,,
2023-12-08 13:43:32.182211,tf,NFO,39172,228.65,-10.37,1702023212,,,,,,,,,
2023-12-08 13:43:32.388225,tf,NFO,39172,229.40,-10.07,1702023212,53331510,229.40,229.75,135,75,,,,
2023-12-08 13:43:33.190273,tf,NFO,39172,229.60,-10.00,1702023213,,,,,,,,,
2023-12-08 13:43:33.385154,tf,NFO,39172,229.55,-10.02,1702023213,53332185,229.50,229.95,120,465,,,,
2023-12-08 13:43:34.185788,tf,NFO,39172,229.60,-10.00,1702023214,,,,,,,,,
2023-12-08 13:43:34.393472,tf,NFO,39172,229.25,-10.13,1702023214,53339505,229.25,229.60,15,45,291.32,,,
2023-12-08 13:43:35.187071,tf,NFO,39172,229.85,-9.90,1702023215,,,,,,,,,
2023-12-08 13:43:35.594815,tf,NFO,39172,227.70,-10.74,1702023215,53341230,227.60,227.90,135,75,,,,
2023-12-08 13:43:36.185282,tf,NFO,39172,227.40,-10.86,1702023216,,,,,,,,,
2023-12-08 13:43:36.594525,tf,NFO,39172,227.90,-10.66,1702023216,53342025,227.45,227.80,45,30,,,,
2023-12-08 13:43:37.187694,tf,NFO,39172,227.80,-10.70,1702023217,,,,,,,,,
2023-12-08 13:43:37.597010,tf,NFO,39172,228.10,-10.58,1702023217,53342730,227.80,228.15,1080,60,291.31,,,
2023-12-08 13:43:38.185141,tf,NFO,39172,229.25,-10.13,1702023218,,,,,,,,,
2023-12-08 13:43:38.598725,tf,NFO,39172,228.80,-10.31,1702023218,53343825,229.30,229.55,30,15,,,,
2023-12-08 13:43:39.199739,tf,NFO,39172,229.50,-10.04,1702023219,,,,,,,,,
2023-12-08 13:43:39.824093,tf,NFO,39172,229.85,-9.90,1702023219,53346030,229.85,230.30,90,135,,,,
2023-12-08 13:43:40.187501,tf,NFO,39172,230.00,-9.84,1702023220,,,,,,,,,
2023-12-08 13:43:40.801081,tf,NFO,39172,229.90,-9.88,1702023220,53347995,229.40,229.75,30,90,,,,
2023-12-08 13:43:41.189841,tf,NFO,39172,229.80,-9.92,1702023221,,,,,,,,,
2023-12-08 13:43:42.185818,tf,NFO,39172,228.55,-10.41,1702023222,,,,,,,,,
2023-12-08 13:43:43.193876,tf,NFO,39172,228.80,-10.31,1702023223,,,,,,,,,
2023-12-08 13:43:43.405744,tf,NFO,39172,228.00,-10.62,1702023223,53350620,228.00,228.20,90,195,,,,
2023-12-08 13:43:44.188386,tf,NFO,39172,228.80,-10.31,1702023224,,,,,,,,,
2023-12-08 13:43:44.407333,tf,NFO,39172,228.55,-10.41,1702023224,53351385,228.45,228.75,1275,105,291.30,,,
2023-12-08 13:43:45.197859,tf,NFO,39172,229.15,-10.17,1702023225,,,,,,,,,
2023-12-08 13:43:46.187618,tf,NFO,39172,228.95,-10.25,1702023226,,,,,,,,,
2023-12-08 13:43:46.409657,tf,NFO,39172,228.70,-10.35,1702023226,53352465,,229.30,420,525,,,,
2023-12-08 13:43:47.196672,tf,NFO,39172,227.80,-10.70,1702023227,,,,,,,,,
2023-12-08 13:43:47.411538,tf,NFO,39172,227.75,-10.72,1702023227,53354610,227.45,227.85,15,75,,,,
2023-12-08 13:43:48.191833,tf,NFO,39172,229.25,-10.13,1702023228,,,,,,,,,
2023-12-08 13:43:49.202905,tf,NFO,39172,229.50,-10.04,1702023229,,,,,,,,,
2023-12-08 13:43:49.410799,tf,NFO,39172,229.10,-10.19,1702023229,53358210,229.00,229.25,90,75,,,,
2023-12-08 13:43:50.190236,tf,NFO,39172,229.60,-10.00,1702023230,,,,,,,,,
2023-12-08 13:43:50.421873,tf,NFO,39172,229.50,-10.04,1702023230,53359035,229.50,229.75,1560,135,,,,
2023-12-08 13:43:51.223928,tf,NFO,39172,229.25,-10.13,1702023231,,,,,,,,,
2023-12-08 13:43:51.818194,tf,NFO,39172,230.05,-9.82,1702023231,53362635,230.05,230.35,60,150,291.29,,,
2023-12-08 13:43:52.192601,tf,NFO,39172,230.25,-9.74,1702023232,,,,,,,,,
2023-12-08 13:43:52.833287,tf,NFO,39172,229.40,-10.07,1702023232,53365155,229.40,229.85,135,405,,,,
2023-12-08 13:43:53.201197,tf,NFO,39172,228.50,-10.43,1702023233,,,,,,,,,
2023-12-08 13:43:53.830917,tf,NFO,39172,228.80,-10.31,1702023233,53366085,228.35,228.80,390,90,,,,
2023-12-08 13:43:54.195505,tf,NFO,39172,228.60,-10.39,1702023234,,,,,,,,,
2023-12-08 13:43:54.823642,tf,NFO,39172,230.00,-9.84,1702023234,53366340,229.80,230.25,135,60,,,,
2023-12-08 13:43:55.822755,tf,NFO,39172,230.35,-9.70,1702023235,53366595,229.85,230.30,105,75,,,,
2023-12-08 13:43:56.196788,tf,NFO,39172,229.80,-9.92,1702023236,,,,,,,,,
2023-12-08 13:43:56.835603,tf,NFO,39172,229.90,-9.88,1702023236,53367615,229.70,230.00,120,285,,,,
2023-12-08 13:43:57.208518,tf,NFO,39172,230.00,-9.84,1702023237,,,,,,,,,
2023-12-08 13:43:57.431494,tf,NFO,39172,229.75,-9.94,1702023237,53368425,229.95,230.35,105,15,291.28,,,
2023-12-08 13:43:58.197189,tf,NFO,39172,230.65,-9.58,1702023238,,,,,,,,,
2023-12-08 13:43:58.424495,tf,NFO,39172,231.20,-9.37,1702023238,53369415,230.45,230.80,15,195,,,,
2023-12-08 13:43:59.206327,tf,NFO,39172,230.95,-9.47,1702023239,,,,,,,,,
2023-12-08 13:43:59.428546,tf,NFO,39172,230.90,-9.49,1702023239,53369775,230.55,230.95,195,285,,,,
2023-12-08 13:44:00.198742,tf,NFO,39172,231.45,-9.27,1702023240,,,,,,,,,
2023-12-08 13:44:00.428184,tf,NFO,39172,231.05,-9.43,1702023240,53370300,231.00,231.35,45,300,,,,
2023-12-08 13:44:01.207738,tf,NFO,39172,231.15,-9.39,1702023241,,,,,,,,,
2023-12-08 13:44:01.428599,tf,NFO,39172,230.70,-9.56,1702023241,53370915,230.75,231.15,15,45,,,,
2023-12-08 13:44:02.209115,tf,NFO,39172,231.15,-9.39,1702023242,,,,,,,,,
2023-12-08 13:44:02.431977,tf,NFO,39172,231.25,-9.35,1702023242,53371500,230.95,231.30,,255,,,,
2023-12-08 13:44:03.219856,tf,NFO,39172,231.40,-9.29,1702023243,,,,,,,,,
2023-12-08 13:44:04.202278,tf,NFO,39172,232.60,-8.82,1702023244,,,,,,,,,
2023-12-08 13:44:05.211106,tf,NFO,39172,232.15,-9.00,1702023245,,,,,,,,,
2023-12-08 13:44:05.439336,tf,NFO,39172,231.70,-9.17,1702023245,53378310,231.25,231.60,45,15,291.27,,,
2023-12-08 13:44:06.210396,tf,NFO,39172,231.55,-9.23,1702023246,,,,,,,,,
2023-12-08 13:44:06.465981,tf,NFO,39172,232.00,-9.06,1702023246,53378790,231.75,232.10,30,,,,,
2023-12-08 13:44:07.207424,tf,NFO,39172,233.10,-8.62,1702023247,,,,,,,,,
2023-12-08 13:44:07.441626,tf,NFO,39172,233.55,-8.45,1702023247,53379450,232.55,233.00,75,300,,,,
2023-12-08 13:44:08.206451,tf,NFO,39172,232.20,-8.98,1702023248,,,,,,,,,
2023-12-08 13:44:09.223056,tf,NFO,39172,232.70,-8.78,1702023249,,,,,,,,,
2023-12-08 13:44:09.451817,tf,NFO,39172,232.25,-8.96,1702023249,53380665,232.35,232.85,345,660,,,,
2023-12-08 13:44:10.208685,tf,NFO,39172,232.95,-8.68,1702023250,,,,,,,,,
2023-12-08 13:44:10.443564,tf,NFO,39172,232.25,-8.96,1702023250,53380860,232.25,232.65,45,45,,,,
2023-12-08 13:44:11.213512,tf,NFO,39172,232.10,-9.02,1702023251,,,,,,,,,
2023-12-08 13:44:11.446365,tf,NFO,39172,232.15,-9.00,1702023251,53381880,231.80,232.15,75,15,,,,
2023-12-08 13:44:12.208525,tf,NFO,39172,232.20,-8.98,1702023252,,,,,,,,,
2023-12-08 13:44:12.445403,tf,NFO,39172,230.75,-9.55,1702023252,53384535,230.55,230.90,30,,,,,
2023-12-08 13:44:13.213351,tf,NFO,39172,230.80,-9.53,1702023253,,,,,,,,,
2023-12-08 13:44:14.411258,tf,NFO,39172,230.45,-9.66,1702023254,,,,,,,,,
2023-12-08 13:44:14.450656,tf,NFO,39172,230.00,-9.84,1702023254,53386995,229.90,230.25,195,90,291.26,,,
2023-12-08 13:44:15.215477,tf,NFO,39172,229.90,-9.88,1702023255,,,,,,,,,
2023-12-08 13:44:15.453139,tf,NFO,39172,230.05,-9.82,1702023255,53387490,229.95,230.40,,840,,,,
2023-12-08 13:44:16.213479,tf,NFO,39172,230.30,-9.72,1702023256,,,,,,,,,
2023-12-08 13:44:17.212468,tf,NFO,39172,231.50,-9.25,1702023257,,,,,,,,,
2023-12-08 13:44:17.663584,tf,NFO,39172,232.00,-9.06,1702023257,53389260,231.70,232.10,270,45,,,,
2023-12-08 13:44:18.213024,tf,NFO,39172,231.75,-9.15,1702023258,,,,,,,,,
2023-12-08 13:44:18.458588,tf,NFO,39172,232.05,-9.04,1702023258,53389680,231.40,231.80,15,,,,,
2023-12-08 13:44:19.225117,tf,NFO,39172,230.95,-9.47,1702023259,,,,,,,,,
2023-12-08 13:44:19.455438,tf,NFO,39172,231.70,-9.17,1702023259,53390235,231.25,231.70,330,180,,,,
2023-12-08 13:44:20.217198,tf,NFO,39172,230.45,-9.66,1702023260,,,,,,,,,
2023-12-08 13:44:20.458590,tf,NFO,39172,231.15,-9.39,1702023260,53391000,230.90,231.30,135,30,,,,
2023-12-08 13:44:21.223441,tf,NFO,39172,230.25,-9.74,1702023261,,,,,,,,,
2023-12-08 13:44:21.464678,tf,NFO,39172,230.55,-9.62,1702023261,53393220,230.35,230.75,180,225,,,,
2023-12-08 13:44:22.213898,tf,NFO,39172,231.00,-9.45,1702023262,,,,,,,,,
2023-12-08 13:44:23.243510,tf,NFO,39172,231.70,-9.17,1702023263,,,,,,,,,
2023-12-08 13:44:23.913126,tf,NFO,39172,231.30,-9.33,1702023263,53395620,230.95,231.35,15,,291.25,,,
2023-12-08 13:44:24.216378,tf,NFO,39172,231.00,-9.45,1702023264,,,,,,,,,
2023-12-08 13:44:24.870501,tf,NFO,39172,229.65,-9.98,1702023264,53397375,229.20,229.65,195,270,,,,
2023-12-08 13:44:25.226442,tf,NFO,39172,229.10,-10.19,1702023265,,,,,,,,,
2023-12-08 13:44:25.894376,tf,NFO,39172,229.35,-10.09,1702023265,53398770,,229.55,120,15,,,,
2023-12-08 13:44:26.872621,tf,NFO,39172,229.30,-10.11,1702023266,53399505,229.05,229.45,30,240,,,,
2023-12-08 13:44:27.218004,tf,NFO,39172,230.00,-9.84,1702023267,,,,,,,,,
2023-12-08 13:44:28.068248,tf,NFO,39172,230.10,-9.80,1702023268,53399670,230.05,230.45,45,15,,,,
2023-12-08 13:44:28.218165,tf,NFO,39172,230.50,-9.64,1702023268,,,,,,,,,
2023-12-08 13:44:28.469161,tf,NFO,39172,230.15,-9.78,1702023268,53399760,229.75,230.15,30,105,,,,
2023-12-08 13:44:29.227244,tf,NFO,39172,229.10,-10.19,1702023269,,,,,,,,,
2023-12-08 13:44:30.222101,tf,NFO,39172,228.85,-10.29,1702023270,,,,,,,,,
2023-12-08 13:44:30.675035,tf,NFO,39172,228.30,-10.51,1702023270,53400420,228.40,228.75,75,15,,,,
2023-12-08 13:44:31.230378,tf,NFO,39172,228.20,-10.54,1702023271,,,,,,,,,
2023-12-08 13:44:31.878545,tf,NFO,39172,228.30,-10.51,1702023271,53403660,228.30,228.50,15,150,291.24,,,
2023-12-08 13:44:32.218144,tf,NFO,39172,228.00,-10.62,1702023272,,,,,,,,,
2023-12-08 13:44:32.478651,tf,NFO,39172,228.15,-10.56,1702023272,53404320,228.00,228.30,105,120,,,,
2023-12-08 13:44:33.477254,tf,NFO,39172,228.30,-10.51,1702023273,53404860,228.55,229.00,15,210,,,,
2023-12-08 13:44:34.223682,tf,NFO,39172,228.40,-10.47,1702023274,,,,,,,,,
2023-12-08 13:44:34.479921,tf,NFO,39172,227.45,-10.84,1702023274,53406105,227.35,227.75,270,120,,,,
2023-12-08 13:44:35.224968,tf,NFO,39172,226.75,-11.11,1702023275,,,,,,,,,
2023-12-08 13:44:35.480628,tf,NFO,39172,226.85,-11.07,1702023275,53408415,226.70,227.15,30,195,,,,
2023-12-08 13:44:36.223507,tf,NFO,39172,225.95,-11.43,1702023276,,,,,,,,,
2023-12-08 13:44:36.482173,tf,NFO,39172,226.00,-11.41,1702023276,53422500,225.85,226.20,60,165,291.22,,,
2023-12-08 13:44:37.229232,tf,NFO,39172,225.20,-11.72,1702023277,,,,,,,,,
2023-12-08 13:44:37.496797,tf,NFO,39172,225.25,-11.70,1702023277,53423835,224.80,225.15,90,15,,,,
2023-12-08 13:44:38.224326,tf,NFO,39172,225.00,-11.80,1702023278,,,,,,,,,
2023-12-08 13:44:38.486319,tf,NFO,39172,223.45,-12.41,1702023278,53436765,222.90,223.35,450,150,291.20,,,
2023-12-08 13:44:39.229889,tf,NFO,39172,221.60,-13.13,1702023279,,,,,,,,,
2023-12-08 13:44:39.505454,tf,NFO,39172,221.80,-13.05,1702023279,53444775,221.80,222.20,75,180,291.19,,,
2023-12-08 13:44:40.226989,tf,NFO,39172,221.70,-13.09,1702023280,,,,,,,,,
2023-12-08 13:44:40.686059,tf,NFO,39172,220.60,-13.52,1702023280,53451495,220.50,220.85,90,,291.18,,,
2023-12-08 13:44:41.236881,tf,NFO,39172,220.80,-13.45,1702023281,,,,,,,,,
2023-12-08 13:44:41.687078,tf,NFO,39172,221.75,-13.07,1702023281,53454735,221.45,221.85,15,150,,,,
2023-12-08 13:44:42.227262,tf,NFO,39172,221.90,-13.01,1702023282,,,,,,,,,
2023-12-08 13:44:42.697563,tf,NFO,39172,222.85,-12.64,1702023282,53458485,222.85,223.30,360,45,,,,
2023-12-08 13:44:43.244620,tf,NFO,39172,222.00,-12.98,1702023283,,,,,,,,,
2023-12-08 13:44:43.694582,tf,NFO,39172,221.40,-13.21,1702023283,53460570,221.05,221.40,45,15,291.17,,,
2023-12-08 13:44:44.230053,tf,NFO,39172,219.70,-13.88,1702023284,,,,,,,,,
2023-12-08 13:44:44.696069,tf,NFO,39172,218.55,-14.33,1702023284,53475510,218.05,218.45,165,90,291.15,,,
2023-12-08 13:44:45.232129,tf,NFO,39172,218.85,-14.21,1702023285,,,,,,,,,
2023-12-08 13:44:46.230121,tf,NFO,39172,220.50,-13.56,1702023286,,,,,,,,,
2023-12-08 13:44:46.698717,tf,NFO,39172,219.40,-13.99,1702023286,53484120,219.40,219.80,15,45,291.14,,,
2023-12-08 13:44:47.265048,tf,NFO,39172,219.60,-13.92,1702023287,,,,,,,,,
2023-12-08 13:44:47.898419,tf,NFO,39172,218.40,-14.39,1702023287,53488380,218.35,218.65,195,,,,,
2023-12-08 13:44:48.240542,tf,NFO,39172,219.15,-14.09,1702023288,,,,,,,,,
2023-12-08 13:44:48.900518,tf,NFO,39172,219.70,-13.88,1702023288,53491275,219.70,220.10,45,105,291.13,,,
2023-12-08 13:44:49.906427,tf,NFO,39172,220.90,-13.41,1702023289,53494455,221.00,221.35,315,30,,,,
2023-12-08 13:44:50.234432,tf,NFO,39172,221.10,-13.33,1702023290,,,,,,,,,
2023-12-08 13:44:51.119324,tf,NFO,39172,220.95,-13.39,1702023291,53498805,220.75,221.15,165,90,291.12,,,
2023-12-08 13:44:51.243550,tf,NFO,39172,221.55,-13.15,1702023291,,,,,,,,,
2023-12-08 13:44:51.504388,tf,NFO,39172,221.25,-13.27,1702023291,53504505,220.85,221.30,225,45,291.11,,,
2023-12-08 13:44:52.239531,tf,NFO,39172,218.50,-14.35,1702023292,,,,,,,,,
2023-12-08 13:44:53.248354,tf,NFO,39172,218.95,-14.17,1702023293,,,,,,,,,
2023-12-08 13:44:53.508192,tf,NFO,39172,218.45,-14.37,1702023293,53508030,218.45,218.90,525,30,,,,
2023-12-08 13:44:54.239371,tf,NFO,39172,219.00,-14.15,1702023294,,,,,,,,,
2023-12-08 13:44:54.716630,tf,NFO,39172,219.40,-13.99,1702023294,53510445,219.05,219.40,15,,,,,
2023-12-08 13:44:55.241833,tf,NFO,39172,218.90,-14.19,1702023295,,,,,,,,,
2023-12-08 13:44:55.708486,tf,NFO,39172,218.00,-14.54,1702023295,53514570,217.80,218.10,135,105,291.10,,,
2023-12-08 13:44:56.241465,tf,NFO,39172,219.40,-13.99,1702023296,,,,,,,,,
2023-12-08 13:44:56.717032,tf,NFO,39172,219.35,-14.01,1702023296,53516160,219.70,220.00,60,90,,,,
2023-12-08 13:44:57.264584,tf,NFO,39172,220.55,-13.54,1702023297,,,,,,,,,
2023-12-08 13:44:57.714084,tf,NFO,39172,220.30,-13.64,1702023297,53519745,220.05,220.40,75,30,291.09,,,
2023-12-08 13:44:58.241391,tf,NFO,39172,217.85,-14.60,1702023298,,,,,,,,,
2023-12-08 13:44:58.512267,tf,NFO,39172,216.85,-14.99,1702023298,53538510,217.25,217.70,135,150,291.07,,,
2023-12-08 13:44:59.250760,tf,NFO,39172,214.75,-15.82,1702023299,,,,,,,2127570,,
2023-12-08 13:44:59.515595,tf,NFO,39172,214.90,-15.76,1702023299,53545860,214.45,214.80,45,345,291.06,,,
2023-12-08 13:45:00.268153,tf,NFO,39172,213.80,-16.19,1702023300,,,,,,,,,
2023-12-08 13:45:00.528648,tf,NFO,39172,212.65,-16.64,1702023300,53553270,212.60,213.05,90,105,291.05,,,
2023-12-08 13:45:01.259134,tf,NFO,39172,214.55,-15.90,1702023301,,,,,,,,,
2023-12-08 13:45:01.520973,tf,NFO,39172,215.20,-15.64,1702023301,53561895,215.20,215.65,315,60,291.03,,,
2023-12-08 13:45:02.245522,tf,NFO,39172,216.85,-14.99,1702023302,,,,,,,,,
2023-12-08 13:45:02.716228,tf,NFO,39172,218.00,-14.54,1702023302,53568585,218.00,218.40,150,,,,,
2023-12-08 13:45:03.276881,tf,NFO,39172,218.05,-14.52,1702023303,,,,,,,,,
2023-12-08 13:45:03.729598,tf,NFO,39172,218.35,-14.41,1702023303,53574180,217.95,218.45,360,45,291.02,,,
2023-12-08 13:45:04.244278,tf,NFO,39172,217.25,-14.84,1702023304,,,,,,,,,
2023-12-08 13:45:04.720982,tf,NFO,39172,216.15,-15.27,1702023304,53577375,215.80,216.20,210,210,291.01,,,
2023-12-08 13:45:05.248658,tf,NFO,39172,217.25,-14.84,1702023305,,,,,,,,,
2023-12-08 13:45:05.725357,tf,NFO,39172,217.50,-14.74,1702023305,53578080,216.95,217.50,795,360,,,,
2023-12-08 13:45:06.248033,tf,NFO,39172,216.80,-15.01,1702023306,,,,,,,,,
2023-12-08 13:45:06.736731,tf,NFO,39172,218.00,-14.54,1702023306,53579730,217.85,218.25,60,60,,,,
2023-12-08 13:45:07.248413,tf,NFO,39172,216.75,-15.03,1702023307,,,,,,,,,
2023-12-08 13:45:07.923992,tf,NFO,39172,217.75,-14.64,1702023307,53581605,,,15,135,,,,
2023-12-08 13:45:08.557600,tf,NFO,39172,218.50,-14.35,1702023308,,,,,,,,,
2023-12-08 13:45:08.939362,tf,NFO,39172,217.90,-14.58,1702023308,53582700,217.65,218.00,,360,,,,
2023-12-08 13:45:09.257164,tf,NFO,39172,217.25,-14.84,1702023309,,,,,,,,,
2023-12-08 13:45:09.933350,tf,NFO,39172,218.40,-14.39,1702023309,53583750,218.15,218.55,150,45,291.00,,,
2023-12-08 13:45:10.249154,tf,NFO,39172,218.50,-14.35,1702023310,,,,,,,,,
2023-12-08 13:45:10.934532,tf,NFO,39172,218.70,-14.27,1702023310,53584620,218.25,218.60,135,,,,,
2023-12-08 13:45:11.250336,tf,NFO,39172,216.95,-14.95,1702023311,,,,,,,,,
2023-12-08 13:45:12.130789,tf,NFO,39172,216.10,-15.29,1702023312,53587680,215.90,216.30,45,75,,,,
2023-12-08 13:45:12.248715,tf,NFO,39172,216.55,-15.11,1702023312,,,,,,,,,
2023-12-08 13:45:12.530541,tf,NFO,39172,216.40,-15.17,1702023312,53588160,216.00,216.40,30,375,,,,
2023-12-08 13:45:13.262599,tf,NFO,39172,216.65,-15.07,1702023313,,,,,,,,,
2023-12-08 13:45:13.532433,tf,NFO,39172,217.05,-14.92,1702023313,53589840,216.60,217.00,180,135,,,,
2023-12-08 13:45:14.249986,tf,NFO,39172,217.55,-14.72,1702023314,,,,,,,,,
2023-12-08 13:45:14.537806,tf,NFO,39172,217.25,-14.84,1702023314,53591130,216.50,216.80,45,30,290.99,,,
2023-12-08 13:45:15.280347,tf,NFO,39172,217.55,-14.72,1702023315,,,,,,,,,
2023-12-08 13:45:15.538186,tf,NFO,39172,218.30,-14.43,1702023315,53591760,218.30,218.70,135,90,,,,
2023-12-08 13:45:16.253740,tf,NFO,39172,218.70,-14.27,1702023316,,,,,,,,,
2023-12-08 13:45:16.537563,tf,NFO,39172,218.85,-14.21,1702023316,53596875,218.25,218.60,15,60,,,,
2023-12-08 13:45:17.270108,tf,NFO,39172,219.30,-14.03,1702023317,,,,,,,,,
2023-12-08 13:45:17.542939,tf,NFO,39172,218.60,-14.31,1702023317,53602920,218.15,,195,465,290.98,,,
2023-12-08 13:45:18.256495,tf,NFO,39172,218.85,-14.21,1702023318,,,,,,,,,
2023-12-08 13:45:18.541319,tf,NFO,39172,218.95,-14.17,1702023318,53604120,218.60,219.00,135,150,,,,
2023-12-08 13:45:19.254878,tf,NFO,39172,217.90,-14.58,1702023319,,,,,,,,,
2023-12-08 13:45:19.548694,tf,NFO,39172,218.85,-14.21,1702023319,53611020,218.30,218.70,,45,290.97,,,
2023-12-08 13:45:20.260250,tf,NFO,39172,219.00,-14.15,1702023320,,,,,,,,,
2023-12-08 13:45:20.542075,tf,NFO,39172,220.00,-13.76,1702023320,53614005,219.85,220.25,90,120,290.96,,,
2023-12-08 13:45:21.285613,tf,NFO,39172,219.85,-13.82,1702023321,,,,,,,,,
2023-12-08 13:45:21.550450,tf,NFO,39172,221.30,-13.25,1702023321,53616135,220.75,221.15,405,,,,,
2023-12-08 13:45:22.253012,tf,NFO,39172,220.95,-13.39,1702023322,,,,,,,,,
2023-12-08 13:45:22.550612,tf,NFO,39172,222.70,-12.70,1702023322,53617515,222.45,222.85,210,,,,,
2023-12-08 13:45:23.272167,tf,NFO,39172,221.45,-13.19,1702023323,,,,,,,,,
2023-12-08 13:45:23.584972,tf,NFO,39172,221.70,-13.09,1702023323,53619285,221.35,221.70,30,75,,,,
2023-12-08 13:45:24.260929,tf,NFO,39172,221.00,-13.37,1702023324,,,,,,,,,
2023-12-08 13:45:24.553491,tf,NFO,39172,220.20,-13.68,1702023324,53622090,220.10,220.45,60,30,290.95,,,
2023-12-08 13:45:25.361765,tf,NFO,39172,221.50,-13.17,1702023325,,,,,,,,,
2023-12-08 13:45:25.557656,tf,NFO,39172,221.60,-13.13,1702023325,53622945,221.30,221.70,510,90,,,,
2023-12-08 13:45:26.254768,tf,NFO,39172,221.65,-13.11,1702023326,,,,,,,,,
2023-12-08 13:45:26.562342,tf,NFO,39172,221.00,-13.37,1702023326,53624190,220.90,221.00,15,120,,,,
2023-12-08 13:45:27.267103,tf,NFO,39172,220.40,-13.60,1702023327,,,,,,,,,
2023-12-08 13:45:27.584424,tf,NFO,39172,220.80,-13.45,1702023327,53625240,220.70,,,135,,,,
2023-12-08 13:45:28.560227,tf,NFO,39172,220.10,-13.72,1702023328,53626845,220.10,220.50,285,90,,,,
2023-12-08 13:45:29.259119,tf,NFO,39172,218.85,-14.21,1702023329,,,,,,,,,
2023-12-08 13:45:30.259700,tf,NFO,39172,217.45,-14.76,1702023330,,,,,,,,,
2023-12-08 13:45:30.561772,tf,NFO,39172,216.25,-15.23,1702023330,53634165,216.00,216.20,825,240,,,,
2023-12-08 13:45:31.264604,tf,NFO,39172,216.55,-15.11,1702023331,,,,,,,,,
2023-12-08 13:45:31.565968,tf,NFO,39172,216.60,-15.09,1702023331,53635245,,216.40,,75,,,,
2023-12-08 13:45:32.273275,tf,NFO,39172,215.10,-15.68,1702023332,,,,,,,,,
2023-12-08 13:45:32.563660,tf,NFO,39172,215.40,-15.56,1702023332,53639625,215.15,215.45,15,225,290.93,,,
2023-12-08 13:45:33.262191,tf,NFO,39172,217.10,-14.90,1702023333,,,,,,,,,
2023-12-08 13:45:33.585546,tf,NFO,39172,217.30,-14.82,1702023333,53642805,217.75,218.00,30,45,290.92,,,
2023-12-08 13:45:34.262622,tf,NFO,39172,216.95,-14.95,1702023334,,,,,,,,,
2023-12-08 13:45:34.569808,tf,NFO,39172,217.15,-14.88,1702023334,53643435,216.85,217.20,120,270,,,,
2023-12-08 13:45:35.272395,tf,NFO,39172,216.00,-15.33,1702023335,,,,,,,,,
2023-12-08 13:45:35.591559,tf,NFO,39172,216.50,-15.13,1702023335,53644455,216.50,216.90,90,30,,,,
2023-12-08 13:45:36.275187,tf,NFO,39172,216.65,-15.07,1702023336,,,,,,,,,
2023-12-08 13:45:36.574306,tf,NFO,39172,216.25,-15.23,1702023336,53647215,216.25,216.60,30,120,,,,
2023-12-08 13:45:37.271149,tf,NFO,39172,216.85,-14.99,1702023337,,,,,,,,,
2023-12-08 13:45:37.574058,tf,NFO,39172,216.40,-15.17,1702023337,53653905,216.65,216.80,,165,290.91,,,
2023-12-08 13:45:38.270343,tf,NFO,39172,217.15,-14.88,1702023338,,,,,,,,,
2023-12-08 13:45:38.578766,tf,NFO,39172,216.90,-14.97,1702023338,53657100,216.50,216.85,45,90,290.90,,,
2023-12-08 13:45:39.575492,tf,NFO,39172,217.20,-14.86,1702023339,53659530,217.15,217.30,30,255,,,,
2023-12-08 13:45:40.265772,tf,NFO,39172,217.75,-14.64,1702023340,,,,,,,,,
2023-12-08 13:45:40.577202,tf,NFO,39172,217.95,-14.56,1702023340,53660430,217.35,217.80,225,345,,,,
2023-12-08 13:45:41.268759,tf,NFO,39172,219.10,-14.11,1702023341,,,,,,,,,
2023-12-08 13:45:41.580963,tf,NFO,39172,219.20,-14.07,1702023341,53662260,219.15,219.50,30,45,,,,
2023-12-08 13:45:42.269044,tf,NFO,39172,219.45,-13.97,1702023342,,,,,,,,,
2023-12-08 13:45:42.582240,tf,NFO,39172,219.35,-14.01,1702023342,53664345,218.80,219.15,90,150,,,,
2023-12-08 13:45:43.276882,tf,NFO,39172,219.75,-13.86,1702023343,,,,,,,,,
2023-12-08 13:45:44.272212,tf,NFO,39172,218.10,-14.50,1702023344,,,,,,,,,
2023-12-08 13:45:44.592453,tf,NFO,39172,217.95,-14.56,1702023344,53665935,217.55,217.95,285,120,,,,
2023-12-08 13:45:45.273067,tf,NFO,39172,217.15,-14.88,1702023345,,,,,,,,,
2023-12-08 13:45:45.587871,tf,NFO,39172,216.75,-15.03,1702023345,53667825,216.55,216.90,75,60,,,,
2023-12-08 13:45:46.271939,tf,NFO,39172,219.90,-13.80,1702023346,,,,,,,,,
2023-12-08 13:45:47.282298,tf,NFO,39172,219.30,-14.03,1702023347,,,,,,,,,
2023-12-08 13:45:47.802653,tf,NFO,39172,219.55,-13.94,1702023347,53670900,219.45,219.80,225,180,,,,
2023-12-08 13:45:48.274752,tf,NFO,39172,219.35,-14.01,1702023348,,,,,,,,,
2023-12-08 13:45:48.810039,tf,NFO,39172,219.10,-14.11,1702023348,53674425,218.95,219.35,150,315,290.88,,,
2023-12-08 13:45:49.270744,tf,NFO,39172,218.65,-14.29,1702023349,,,,,,,,,
2023-12-08 13:45:49.992144,tf,NFO,39172,218.45,-14.37,1702023349,53675430,218.80,219.20,480,60,,,,
2023-12-08 13:45:50.277195,tf,NFO,39172,219.00,-14.15,1702023350,,,,,,,,,
2023-12-08 13:45:51.007704,tf,NFO,39172,219.75,-13.86,1702023350,53675835,219.45,219.85,15,315,,,,
2023-12-08 13:45:51.299523,tf,NFO,39172,220.10,-13.72,1702023351,,,,,,,,,
2023-12-08 13:45:52.191757,tf,NFO,39172,219.55,-13.94,1702023352,53676540,219.30,219.70,,210,,,,
2023-12-08 13:45:52.275706,tf,NFO,39172,219.15,-14.09,1702023352,,,,,,,,,
2023-12-08 13:45:52.592040,tf,NFO,39172,219.55,-13.94,1702023352,53677800,218.95,219.35,45,165,,,,
2023-12-08 13:45:53.282679,tf,NFO,39172,219.75,-13.86,1702023353,,,,,,,,,
2023-12-08 13:45:53.601570,tf,NFO,39172,219.45,-13.97,1702023353,53678505,219.50,219.90,90,180,,,,
2023-12-08 13:45:54.275992,tf,NFO,39172,221.00,-13.37,1702023354,,,,,,,,,
2023-12-08 13:45:54.597918,tf,NFO,39172,221.90,-13.01,1702023354,53679150,221.70,222.00,15,675,,,,
2023-12-08 13:45:55.284491,tf,NFO,39172,221.95,-12.99,1702023355,,,,,,,,,
2023-12-08 13:45:55.600294,tf,NFO,39172,222.00,-12.98,1702023355,53679540,221.75,,210,615,290.87,,,
2023-12-08 13:45:56.276279,tf,NFO,39172,221.65,-13.11,1702023356,,,,,,,,,
2023-12-08 13:45:56.605286,tf,NFO,39172,221.40,-13.21,1702023356,53683005,221.15,221.50,90,15,,,,
2023-12-08 13:45:57.326839,tf,NFO,39172,221.15,-13.31,1702023357,,,,,,,,,
2023-12-08 13:45:57.601666,tf,NFO,39172,221.05,-13.35,1702023357,53683860,220.70,221.10,15,105,,,,
2023-12-08 13:45:58.281249,tf,NFO,39172,220.85,-13.43,1702023358,,,,,,,,,
2023-12-08 13:45:58.614692,tf,NFO,39172,221.60,-13.13,1702023358,53685870,221.05,221.40,,45,,,,
2023-12-08 13:45:59.278829,tf,NFO,39172,220.75,-13.47,1702023359,,,,,,,,,
2023-12-08 13:45:59.606311,tf,NFO,39172,220.25,-13.66,1702023359,53687340,220.15,220.50,45,195,290.86,,,
2023-12-08 13:46:00.289575,tf,NFO,39172,220.15,-13.70,1702023360,,,,,,,,,
2023-12-08 13:46:00.607780,tf,NFO,39172,220.50,-13.56,1702023360,53688615,220.10,,60,105,,,,
2023-12-08 13:46:01.291143,tf,NFO,39172,221.50,-13.17,1702023361,,,,,,,,,
2023-12-08 13:46:01.610943,tf,NFO,39172,221.90,-13.01,1702023361,53690190,221.95,222.30,,30,,,,
2023-12-08 13:46:02.284523,tf,NFO,39172,222.60,-12.74,1702023362,,,,,,,,,
2023-12-08 13:46:02.626311,tf,NFO,39172,223.55,-12.37,1702023362,53692215,223.10,223.45,,45,,,,
2023-12-08 13:46:03.287204,tf,NFO,39172,225.70,-11.52,1702023363,,,,,,,,,
2023-12-08 13:46:03.614070,tf,NFO,39172,225.25,-11.70,1702023363,53698005,225.05,225.45,135,60,290.85,,,
2023-12-08 13:46:04.280912,tf,NFO,39172,225.40,-11.64,1702023364,,,,,,,,,
2023-12-08 13:46:04.612293,tf,NFO,39172,225.20,-11.72,1702023364,53702460,224.85,225.20,90,120,,,,
2023-12-08 13:46:05.280114,tf,NFO,39172,225.70,-11.52,1702023365,,,,,,,,,
2023-12-08 13:46:05.620677,tf,NFO,39172,225.90,-11.45,1702023365,53705010,225.40,225.80,60,60,290.84,,,
2023-12-08 13:46:06.283183,tf,NFO,39172,225.35,-11.66,1702023366,,,,,,,,,
2023-12-08 13:46:06.617277,tf,NFO,39172,225.75,-11.51,1702023366,53707215,225.05,225.45,105,225,,,,
2023-12-08 13:46:07.331790,tf,NFO,39172,225.15,-11.74,1702023367,,,,,,,,,
2023-12-08 13:46:07.827043,tf,NFO,39172,225.80,-11.49,1702023367,53709000,225.35,225.60,120,150,,,,
2023-12-08 13:46:08.350103,tf,NFO,39172,226.35,-11.27,1702023368,,,,,,,,,
2023-12-08 13:46:08.821310,tf,NFO,39172,227.15,-10.96,1702023368,53710095,226.70,227.00,75,75,,,,
2023-12-08 13:46:09.282348,tf,NFO,39172,226.00,-11.41,1702023369,,,,,,,,,
2023-12-08 13:46:09.824672,tf,NFO,39172,226.75,-11.11,1702023369,53712360,226.35,226.75,15,60,290.83,,,
2023-12-08 13:46:10.283803,tf,NFO,39172,227.00,-11.02,1702023370,,,,,,,,,
2023-12-08 13:46:10.825236,tf,NFO,39172,227.50,-10.82,1702023370,53713455,227.05,227.45,105,15,,,,
2023-12-08 13:46:11.288018,tf,NFO,39172,226.35,-11.27,1702023371,,,,,,,,,
2023-12-08 13:46:11.626547,tf,NFO,39172,225.90,-11.45,1702023371,53719485,225.90,226.20,135,105,,,,
2023-12-08 13:46:12.286244,tf,NFO,39172,226.30,-11.29,1702023372,,,,,,,,,
2023-12-08 13:46:12.629483,tf,NFO,39172,226.50,-11.21,1702023372,53723130,226.10,226.50,90,120,290.82,,,
2023-12-08 13:46:13.286217,tf,NFO,39172,226.65,-11.15,1702023373,,,,,,,,,
2023-12-08 13:46:13.628003,tf,NFO,39172,225.60,-11.56,1702023373,53727855,225.70,226.10,270,45,,,,
2023-12-08 13:46:14.302245,tf,NFO,39172,225.15,-11.74,1702023374,,,,,,,,,
2023-12-08 13:46:14.630629,tf,NFO,39172,223.70,-12.31,1702023374,53735415,224.00,224.40,135,15,290.81,,,
2023-12-08 13:46:15.298468,tf,NFO,39172,224.65,-11.94,1702023375,,,,,,,,,
2023-12-08 13:46:15.643021,tf,NFO,39172,223.55,-12.37,1702023375,53736810,223.55,223.95,75,75,290.80,,,
2023-12-08 13:46:16.287707,tf,NFO,39172,223.65,-12.33,1702023376,,,,,,,,,
2023-12-08 13:46:16.633538,tf,NFO,39172,223.75,-12.29,1702023376,53737530,224.00,224.40,60,135,,,,
2023-12-08 13:46:17.290764,tf,NFO,39172,225.15,-11.74,1702023377,,,,,,,,,
2023-12-08 13:46:17.635813,tf,NFO,39172,225.45,-11.62,1702023377,53739135,225.30,225.55,45,105,,,,
2023-12-08 13:46:18.291945,tf,NFO,39172,224.95,-11.82,1702023378,,,,,,,,,
2023-12-08 13:46:18.637833,tf,NFO,39172,225.45,-11.62,1702023378,53739720,225.45,225.80,15,15,,,,
2023-12-08 13:46:19.290468,tf,NFO,39172,225.25,-11.70,1702023379,,,,,,,,,
2023-12-08 13:46:19.639511,tf,NFO,39172,225.45,-11.62,1702023379,53740245,225.35,225.65,30,120,,,,
2023-12-08 13:46:20.292132,tf,NFO,39172,225.75,-11.51,1702023380,,,,,,,,,
2023-12-08 13:46:20.645061,tf,NFO,39172,225.55,-11.58,1702023380,53741445,225.05,225.45,285,30,,,,
2023-12-08 13:46:21.295475,tf,NFO,39172,223.50,-12.39,1702023381,,,,,,,,,
2023-12-08 13:46:21.646672,tf,NFO,39172,223.75,-12.29,1702023381,53744130,223.45,223.80,45,150,,,,
2023-12-08 13:46:22.295020,tf,NFO,39172,223.65,-12.33,1702023382,,,,,,,,,
2023-12-08 13:46:22.642945,tf,NFO,39172,222.80,-12.66,1702023382,53746710,222.80,223.15,30,15,290.79,,,
2023-12-08 13:46:23.295635,tf,NFO,39172,223.15,-12.52,1702023383,,,,,,,,,
2023-12-08 13:46:23.645238,tf,NFO,39172,223.10,-12.54,1702023383,53749455,222.65,223.05,90,60,,,,
2023-12-08 13:46:24.293694,tf,NFO,39172,222.85,-12.64,1702023384,,,,,,,,,
2023-12-08 13:46:24.646333,tf,NFO,39172,222.80,-12.66,1702023384,53750880,222.55,222.85,195,195,,,,
2023-12-08 13:46:25.299569,tf,NFO,39172,223.90,-12.23,1702023385,,,,,,,,,
2023-12-08 13:46:25.653306,tf,NFO,39172,223.85,-12.25,1702023385,53752725,223.80,224.10,,120,290.78,,,
2023-12-08 13:46:26.295351,tf,NFO,39172,223.75,-12.29,1702023386,,,,,,,,,
2023-12-08 13:46:26.650596,tf,NFO,39172,223.50,-12.39,1702023386,53753685,223.55,223.90,30,45,,,,
2023-12-08 13:46:27.321725,tf,NFO,39172,223.85,-12.25,1702023387,,,,,,,,,
2023-12-08 13:46:28.298239,tf,NFO,39172,223.65,-12.33,1702023388,,,,,,,,,
2023-12-08 13:46:29.311445,tf,NFO,39172,224.50,-12.00,1702023389,,,,,,,,,
2023-12-08 13:46:29.857882,tf,NFO,39172,224.00,-12.19,1702023389,53755260,223.00,223.30,360,75,,,,
2023-12-08 13:46:30.302975,tf,NFO,39172,223.50,-12.39,1702023390,,,,,,,,,
2023-12-08 13:46:30.660357,tf,NFO,39172,223.20,-12.50,1702023390,53757030,222.95,223.25,15,120,,,,
2023-12-08 13:46:31.302135,tf,NFO,39172,221.95,-12.99,1702023391,,,,,,,,,
2023-12-08 13:46:31.658862,tf,NFO,39172,222.10,-12.94,1702023391,53758455,221.65,221.95,60,45,,,,
2023-12-08 13:46:32.303296,tf,NFO,39172,221.50,-13.17,1702023392,,,,,,,,,
2023-12-08 13:46:32.660333,tf,NFO,39172,221.35,-13.23,1702023392,53759685,221.00,221.40,420,285,,,,
2023-12-08 13:46:33.305705,tf,NFO,39172,221.05,-13.35,1702023393,,,,,,,,,
2023-12-08 13:46:33.658670,tf,NFO,39172,221.10,-13.33,1702023393,53761545,220.75,221.15,75,60,290.77,,,
2023-12-08 13:46:34.301866,tf,NFO,39172,221.45,-13.19,1702023394,,,,,,,,,
2023-12-08 13:46:34.671283,tf,NFO,39172,221.90,-13.01,1702023394,53763060,221.75,222.20,720,45,,,,
2023-12-08 13:46:35.351565,tf,NFO,39172,222.35,-12.84,1702023395,,,,,,,,,
2023-12-08 13:46:35.666123,tf,NFO,39172,222.70,-12.70,1702023395,53764080,222.50,222.70,45,30,,,,
2023-12-08 13:46:36.304919,tf,NFO,39172,222.05,-12.96,1702023396,,,,,,,,,
2023-12-08 13:46:36.665238,tf,NFO,39172,222.40,-12.82,1702023396,53764560,222.40,222.75,150,45,,,,
2023-12-08 13:46:37.667259,tf,NFO,39172,222.80,-12.66,1702023397,53764920,222.65,222.90,120,165,,,,
2023-12-08 13:46:38.306430,tf,NFO,39172,222.70,-12.70,1702023398,,,,,,,,,
2023-12-08 13:46:38.666959,tf,NFO,39172,222.65,-12.72,1702023398,53765370,222.30,222.65,240,15,,,,
2023-12-08 13:46:39.315585,tf,NFO,39172,222.05,-12.96,1702023399,,,,,,,,,
2023-12-08 13:46:39.671094,tf,NFO,39172,222.45,-12.80,1702023399,53765685,222.10,222.45,15,105,,,,
2023-12-08 13:46:40.316606,tf,NFO,39172,222.15,-12.92,1702023400,,,,,,,,,
2023-12-08 13:46:40.671859,tf,NFO,39172,221.45,-13.19,1702023400,53765925,221.40,221.80,,270,,,,
2023-12-08 13:46:41.308724,tf,NFO,39172,223.00,-12.58,1702023401,,,,,,,,,
2023-12-08 13:46:41.677059,tf,NFO,39172,223.60,-12.35,1702023401,53766390,223.30,223.60,75,45,,,,
2023-12-08 13:46:42.308974,tf,NFO,39172,222.55,-12.76,1702023402,,,,,,,,,
2023-12-08 13:46:42.674904,tf,NFO,39172,222.90,-12.62,1702023402,53767110,223.00,223.40,420,15,,,,
2023-12-08 13:46:43.309650,tf,NFO,39172,222.30,-12.86,1702023403,,,,,,,,,
2023-12-08 13:46:43.676385,tf,NFO,39172,222.35,-12.84,1702023403,53767140,222.30,222.65,15,240,,,,
2023-12-08 13:46:44.309104,tf,NFO,39172,222.60,-12.74,1702023404,,,,,,,,,
2023-12-08 13:46:44.678768,tf,NFO,39172,222.40,-12.82,1702023404,53773335,222.40,222.75,30,15,290.76,,,
2023-12-08 13:46:45.323198,tf,NFO,39172,223.80,-12.27,1702023405,,,,,,,,,
2023-12-08 13:46:46.310896,tf,NFO,39172,223.65,-12.33,1702023406,,,,,,,,,
2023-12-08 13:46:46.682654,tf,NFO,39172,223.60,-12.35,1702023406,53773635,223.25,223.65,60,75,,,,
2023-12-08 13:46:47.318130,tf,NFO,39172,223.45,-12.41,1702023407,,,,,,,,,
2023-12-08 13:46:47.684492,tf,NFO,39172,223.00,-12.58,1702023407,53774475,222.90,223.25,30,,,,,
2023-12-08 13:46:48.316777,tf,NFO,39172,222.60,-12.74,1702023408,,,,,,,,,
2023-12-08 13:46:48.685635,tf,NFO,39172,222.90,-12.62,1702023408,53775555,222.40,222.75,60,60,,,,
2023-12-08 13:46:49.697075,tf,NFO,39172,223.30,-12.47,1702023409,53775795,222.65,223.00,45,45,290.75,,,
2023-12-08 13:46:50.314374,tf,NFO,39172,222.90,-12.62,1702023410,,,,,,,,,
2023-12-08 13:46:50.885207,tf,NFO,39172,223.65,-12.33,1702023410,53776800,223.15,223.65,315,285,,,,
2023-12-08 13:46:51.311275,tf,NFO,39172,223.55,-12.37,1702023411,,,,,,,,,
2023-12-08 13:46:51.690500,tf,NFO,39172,223.70,-12.31,1702023411,53777475,223.30,223.70,30,525,,,,
2023-12-08 13:46:52.314582,tf,NFO,39172,223.20,-12.50,1702023412,,,,,,,,,
2023-12-08 13:46:52.692563,tf,NFO,39172,223.50,-12.39,1702023412,53778000,223.55,223.90,225,60,,,,
