timestamp,t,e,tk,lp,pc,ft,v,bq1,sq1,bp1,sp1,ap,l,oi,_id
2023-09-27 09:18:37.661603,tf,NFO,59198,131.05,-37.06,1695786517,2598150,75,255,,,,,,
2023-09-27 09:18:38.849932,tf,NFO,59198,131.45,-36.86,1695786518,2603520,1080,30,131.15,131.45,,,,
2023-09-27 09:18:39.654039,tf,NFO,59198,132.10,-36.55,1695786519,,,,,,,,,
2023-09-27 09:18:40.051826,tf,NFO,59198,131.85,-36.67,1695786519,2606820,45,15,131.65,131.85,129.63,,,
2023-09-27 09:18:40.448484,tf,NFO,59198,131.95,-36.62,1695786520,2608230,30,195,,131.90,,,,
2023-09-27 09:18:40.655325,tf,NFO,59198,131.55,-36.82,1695786520,,,,,,,,,
2023-09-27 09:18:41.457336,tf,NFO,59198,131.40,-36.89,1695786521,2612055,15,75,131.45,131.60,,,,
2023-09-27 09:18:41.654889,tf,NFO,59198,131.50,-36.84,1695786521,,,,,,,,,
2023-09-27 09:18:42.655684,tf,NFO,59198,132.15,-36.53,1695786522,,,,,,,,,
2023-09-27 09:18:43.656406,tf,NFO,59198,131.55,-36.82,1695786523,,,,,,,,,
2023-09-27 09:18:44.655559,tf,NFO,59198,131.50,-36.84,1695786524,,,,,,,,,
2023-09-27 09:18:44.860900,tf,NFO,59198,131.40,-36.89,1695786524,2645850,60,15,130.95,131.15,129.66,,,
2023-09-27 09:18:45.655516,tf,NFO,59198,130.65,-37.25,1695786525,,,,,,,,,
2023-09-27 09:18:46.060625,tf,NFO,59198,130.15,-37.49,1695786525,2651790,4305,75,130.00,130.25,,,,
2023-09-27 09:18:46.458635,tf,NFO,59198,129.40,-37.85,1695786526,2657445,150,360,129.45,129.70,,,,
2023-09-27 09:18:46.653791,tf,NFO,59198,129.55,-37.78,1695786526,,,,,,,,,
2023-09-27 09:18:47.656447,tf,NFO,59198,129.05,-38.02,1695786527,,,,,,,,,
2023-09-27 09:18:48.657481,tf,NFO,59198,128.65,-38.21,1695786528,,,,,,,,,
2023-09-27 09:18:49.657943,tf,NFO,59198,129.25,-37.92,1695786529,,,,,,,,,
2023-09-27 09:18:49.864391,tf,NFO,59198,128.95,-38.06,1695786529,2687700,630,15,128.70,128.95,,,,
2023-09-27 09:18:50.659065,tf,NFO,59198,129.55,-37.78,1695786530,,,,,,,,,
2023-09-27 09:18:51.064631,tf,NFO,59198,128.90,-38.09,1695786530,2695860,240,510,128.90,129.20,,,,
2023-09-27 09:18:51.656506,tf,NFO,59198,129.05,-38.02,1695786531,,,,,,,,,
2023-09-27 09:18:52.471487,tf,NFO,59198,130.45,-37.34,1695786532,2706330,45,,130.25,130.45,,,,
2023-09-27 09:18:52.657481,tf,NFO,59198,130.20,-37.46,1695786532,,,,,,,,,
2023-09-27 09:18:53.657650,tf,NFO,59198,130.15,-37.49,1695786533,,,,,,,,,
2023-09-27 09:18:53.670823,tf,NFO,59198,129.90,-37.61,1695786533,2712090,435,90,129.90,130.20,,,,
2023-09-27 09:18:54.659930,tf,NFO,59198,130.45,-37.34,1695786534,,,,,,,,,
2023-09-27 09:18:54.874210,tf,NFO,59198,129.90,-37.61,1695786534,2721735,60,45,129.70,129.95,,,,
2023-09-27 09:18:55.857984,tf,NFO,59198,130.05,-37.54,1695786535,,,,,,,,,
2023-09-27 09:18:56.074487,tf,NFO,59198,130.70,-37.22,1695786535,2728425,195,105,130.55,130.70,,,,
2023-09-27 09:18:56.470908,tf,NFO,59198,130.45,-37.34,1695786536,2728950,540,120,130.15,130.45,,,,
2023-09-27 09:18:56.659678,tf,NFO,59198,130.20,-37.46,1695786536,,,,,,,,,
2023-09-27 09:18:57.475070,tf,NFO,59198,130.30,-37.42,1695786537,2731275,165,600,130.10,130.30,,,,
2023-09-27 09:18:57.658295,tf,NFO,59198,130.00,-37.56,1695786537,,,,,,,,,
2023-09-27 09:18:58.659163,tf,NFO,59198,129.25,-37.92,1695786538,,,,,,,,,
2023-09-27 09:18:59.659112,tf,NFO,59198,128.40,-38.33,1695786539,,,,,,,,,
2023-09-27 09:18:59.875097,tf,NFO,59198,128.65,-38.21,1695786539,2752785,30,15,128.50,128.60,,,,
2023-09-27 09:19:00.659723,tf,NFO,59198,129.45,-37.82,1695786540,,,,,,,,,
2023-09-27 09:19:00.882073,tf,NFO,59198,129.15,-37.97,1695786540,2758650,285,30,129.05,129.30,,,,
2023-09-27 09:19:01.660313,tf,NFO,59198,129.85,-37.63,1695786541,,,,,,,,,
2023-09-27 09:19:02.081670,tf,NFO,59198,129.60,-37.75,1695786541,2767215,75,60,129.60,129.80,,,,
2023-09-27 09:19:02.482693,tf,NFO,59198,129.50,-37.80,1695786542,2769885,300,75,129.55,129.75,,,,
2023-09-27 09:19:02.660478,tf,NFO,59198,129.55,-37.78,1695786542,,,,,,,,,
2023-09-27 09:19:03.661267,tf,NFO,59198,130.00,-37.56,1695786543,,,,,,,,,
2023-09-27 09:19:03.681460,tf,NFO,59198,129.90,-37.61,1695786543,2775885,15,15,129.75,129.90,,,,
2023-09-27 09:19:04.662171,tf,NFO,59198,130.35,-37.39,1695786544,,,,,,,,,
2023-09-27 09:19:04.686917,tf,NFO,59198,130.25,-37.44,1695786544,2783670,510,45,130.25,130.35,,,,
2023-09-27 09:19:05.661638,tf,NFO,59198,131.05,-37.06,1695786545,,,,,,,,,
2023-09-27 09:19:05.888857,tf,NFO,59198,130.70,-37.22,1695786545,2793285,75,15,130.65,130.85,,,,
2023-09-27 09:19:06.661912,tf,NFO,59198,131.20,-36.98,1695786546,,,,,,,,,
2023-09-27 09:19:07.489151,tf,NFO,59198,130.35,-37.39,1695786547,2805375,180,15,130.35,130.45,,,,
2023-09-27 09:19:07.662711,tf,NFO,59198,130.25,-37.44,1695786547,,,,,,,,,
2023-09-27 09:19:08.662646,tf,NFO,59198,130.30,-37.42,1695786548,,,,,,,,,
2023-09-27 09:19:08.688266,tf,NFO,59198,130.40,-37.37,1695786548,2811840,75,75,130.25,130.40,,,,
2023-09-27 09:19:09.663119,tf,NFO,59198,130.50,-37.32,1695786549,,,,,,,,,
2023-09-27 09:19:09.693168,tf,NFO,59198,130.65,-37.25,1695786549,2816235,150,195,130.40,130.60,,,,
2023-09-27 09:19:10.664397,tf,NFO,59198,130.75,-37.20,1695786550,,,,,,,,,
2023-09-27 09:19:10.892591,tf,NFO,59198,130.50,-37.32,1695786550,2819325,60,60,130.35,130.50,,,,
2023-09-27 09:19:11.862973,tf,NFO,59198,130.90,-37.13,1695786551,,,,,,,,,
2023-09-27 09:19:12.093846,tf,NFO,59198,130.70,-37.22,1695786551,2830230,90,120,130.80,131.00,129.67,,,
2023-09-27 09:19:12.494275,tf,NFO,59198,130.75,-37.20,1695786552,2830770,120,30,130.65,130.80,,,,
2023-09-27 09:19:12.663447,tf,NFO,59198,130.65,-37.25,1695786552,,,,,,,,,
2023-09-27 09:19:13.497434,tf,NFO,59198,130.80,-37.18,1695786553,2833515,165,870,130.55,,,,,
2023-09-27 09:19:13.663527,tf,NFO,59198,130.55,-37.30,1695786553,,,,,,,,,
2023-09-27 09:19:14.664192,tf,NFO,59198,129.20,-37.94,1695786554,,,,,,,,,
2023-09-27 09:19:14.697545,tf,NFO,59198,129.30,-37.90,1695786554,2840400,,30,129.15,129.25,,,,
2023-09-27 09:19:15.664416,tf,NFO,59198,129.60,-37.75,1695786555,,,,,,,,,
2023-09-27 09:19:16.665205,tf,NFO,59198,128.85,-38.11,1695786556,,,,,,,,,
2023-09-27 09:19:16.903222,tf,NFO,59198,128.80,-38.14,1695786556,2852160,180,165,128.55,128.75,,,,
2023-09-27 09:19:17.665284,tf,NFO,59198,128.60,-38.23,1695786557,,,,,,,,,
2023-09-27 09:19:18.105025,tf,NFO,59198,128.20,-38.42,1695786558,2872680,15,60,128.25,128.35,129.66,,,
2023-09-27 09:19:18.502946,tf,NFO,59198,128.55,-38.26,1695786558,2875455,,,128.35,128.55,,,,
2023-09-27 09:19:18.665356,tf,NFO,59198,128.40,-38.33,1695786558,,,,,,,,,
2023-09-27 09:19:19.507386,tf,NFO,59198,128.55,-38.26,1695786559,2880120,30,15,,,129.65,,,
2023-09-27 09:19:19.665714,tf,NFO,59198,127.85,-38.59,1695786559,,,,,,,,,
2023-09-27 09:19:20.665888,tf,NFO,59198,127.40,-38.81,1695786560,,,,,,,,,
2023-09-27 09:19:20.706830,tf,NFO,59198,127.25,-38.88,1695786560,2889855,75,,127.25,127.40,,,,
2023-09-27 09:19:21.667248,tf,NFO,59198,127.40,-38.81,1695786561,,,,,,,,,
2023-09-27 09:19:21.907539,tf,NFO,59198,127.10,-38.95,1695786561,2897880,165,75,126.90,127.15,129.64,,,
2023-09-27 09:19:22.667302,tf,NFO,59198,126.70,-39.15,1695786562,,,,,,,,,
2023-09-27 09:19:22.912748,tf,NFO,59198,127.10,-38.95,1695786562,2906805,300,135,126.55,126.75,129.63,,,
2023-09-27 09:19:23.667032,tf,NFO,59198,126.95,-39.02,1695786563,,,,,,,,,
2023-09-27 09:19:24.112551,tf,NFO,59198,127.10,-38.95,1695786564,2914680,540,690,126.80,127.10,129.62,,,
2023-09-27 09:19:24.513587,tf,NFO,59198,126.15,-39.41,1695786564,2918760,75,150,126.35,126.45,,,,
2023-09-27 09:19:24.668189,tf,NFO,59198,126.60,-39.19,1695786564,,,,,,,,,
2023-09-27 09:19:25.668821,tf,NFO,59198,128.10,-38.47,1695786565,,,,,,,,,
2023-09-27 09:19:25.711743,tf,NFO,59198,127.65,-38.69,1695786565,2933400,90,120,127.65,127.85,129.61,,,
2023-09-27 09:19:26.669128,tf,NFO,59198,127.15,-38.93,1695786566,,,,,,,,,
2023-09-27 09:19:26.718719,tf,NFO,59198,127.20,-38.90,1695786566,2937330,180,240,127.00,127.20,,,,
2023-09-27 09:19:27.669589,tf,NFO,59198,127.55,-38.74,1695786567,,,,,,,,,
2023-09-27 09:19:27.917876,tf,NFO,59198,127.50,-38.76,1695786567,2945775,150,15,127.55,127.70,129.60,,,
2023-09-27 09:19:28.670081,tf,NFO,59198,127.10,-38.95,1695786568,,,,,,,,,
2023-09-27 09:19:29.118851,tf,NFO,59198,127.00,-39.00,1695786569,2950575,45,,127.10,127.15,129.59,,,
2023-09-27 09:19:29.518818,tf,NFO,59198,127.35,-38.83,1695786569,2952630,465,60,127.25,127.45,,,,
2023-09-27 09:19:29.670317,tf,NFO,59198,127.50,-38.76,1695786569,,,,,,,,,
2023-09-27 09:19:30.671136,tf,NFO,59198,127.15,-38.93,1695786570,,,,,,,,,
2023-09-27 09:19:30.720544,tf,NFO,59198,127.70,-38.66,1695786570,2965155,390,150,127.45,127.65,129.58,,,
2023-09-27 09:19:31.672439,tf,NFO,59198,127.25,-38.88,1695786571,,,,,,,,,
2023-09-27 09:19:31.920410,tf,NFO,59198,126.95,-39.02,1695786571,2973975,120,15,126.80,126.90,,,,
2023-09-27 09:19:32.672593,tf,NFO,59198,127.70,-38.66,1695786572,,,,,,,,,
2023-09-27 09:19:32.927466,tf,NFO,59198,127.65,-38.69,1695786572,2978820,315,345,127.55,127.80,129.57,,,
2023-09-27 09:19:33.672530,tf,NFO,59198,127.35,-38.83,1695786573,,,,,,,,,
2023-09-27 09:19:34.128152,tf,NFO,59198,127.60,-38.71,1695786574,2987535,120,60,127.70,127.90,,,,
2023-09-27 09:19:34.527070,tf,NFO,59198,126.55,-39.22,1695786574,2991930,315,15,126.50,126.60,129.56,,,
2023-09-27 09:19:34.673572,tf,NFO,59198,126.50,-39.24,1695786574,,,,,,,,,
2023-09-27 09:19:35.726402,tf,NFO,59198,127.00,-39.00,1695786575,3002940,195,135,126.75,126.90,129.55,,,
2023-09-27 09:19:36.675235,tf,NFO,59198,126.80,-39.10,1695786576,,,,,,,,,
2023-09-27 09:19:36.927829,tf,NFO,59198,126.45,-39.27,1695786576,3008715,15,75,126.40,126.45,,,,
2023-09-27 09:19:37.673531,tf,NFO,59198,126.15,-39.41,1695786577,,,,,,,,,
2023-09-27 09:19:37.935412,tf,NFO,59198,126.40,-39.29,1695786577,3015765,30,30,126.25,126.40,129.54,,,
2023-09-27 09:19:39.135835,tf,NFO,59198,126.25,-39.36,1695786579,3022440,150,210,126.05,126.25,129.53,,,
2023-09-27 09:19:39.535488,tf,NFO,59198,125.85,-39.55,1695786579,3023355,210,75,125.85,126.05,,,,
2023-09-27 09:19:39.674641,tf,NFO,59198,126.15,-39.41,1695786579,,,,,,,,,
2023-09-27 09:19:40.675330,tf,NFO,59198,126.45,-39.27,1695786580,,,,,,,,,
2023-09-27 09:19:40.734548,tf,NFO,59198,126.35,-39.31,1695786580,3037410,30,15,126.35,126.40,129.52,,,
2023-09-27 09:19:41.675434,tf,NFO,59198,125.95,-39.51,1695786581,,,,,,,,,
2023-09-27 09:19:41.935272,tf,NFO,59198,126.00,-39.48,1695786581,3043320,105,255,125.95,126.20,129.51,,,
2023-09-27 09:19:42.675969,tf,NFO,59198,125.70,-39.63,1695786582,,,,,,,,,
2023-09-27 09:19:42.942198,tf,NFO,59198,125.50,-39.72,1695786582,3053745,75,165,125.50,125.75,129.50,,,
2023-09-27 09:19:43.676500,tf,NFO,59198,125.65,-39.65,1695786583,,,,,,,,,
2023-09-27 09:19:44.142844,tf,NFO,59198,125.30,-39.82,1695786584,3063720,15,105,125.10,125.30,129.48,,,
2023-09-27 09:19:44.540273,tf,NFO,59198,125.35,-39.79,1695786584,3065325,75,15,125.20,125.35,,,,
2023-09-27 09:19:44.676713,tf,NFO,59198,125.50,-39.72,1695786584,,,,,,,,,
2023-09-27 09:19:45.546400,tf,NFO,59198,125.25,-39.84,1695786585,3084405,30,,125.35,125.55,129.46,,,
2023-09-27 09:19:45.678232,tf,NFO,59198,125.55,-39.70,1695786585,,,,,,,,,
2023-09-27 09:19:46.677961,tf,NFO,59198,125.00,-39.96,1695786586,,,,,,,,,
2023-09-27 09:19:47.677169,tf,NFO,59198,125.15,-39.89,1695786587,,,,,,,,,
2023-09-27 09:19:47.947203,tf,NFO,59198,125.25,-39.84,1695786587,3099945,360,75,125.10,125.35,129.43,,,
2023-09-27 09:19:48.678031,tf,NFO,59198,125.05,-39.94,1695786588,,,,,,,,,
2023-09-27 09:19:49.148163,tf,NFO,59198,124.65,-40.13,1695786589,3121605,405,120,124.55,124.75,129.40,,,
2023-09-27 09:19:49.548774,tf,NFO,59198,124.00,-40.44,1695786589,3126570,4845,15,124.00,124.25,,,,
2023-09-27 09:19:49.677991,tf,NFO,59198,124.40,-40.25,1695786589,,,,,,,,,
2023-09-27 09:19:50.678931,tf,NFO,59198,125.15,-39.89,1695786590,,,,,,,,,
2023-09-27 09:19:51.685441,tf,NFO,59198,123.10,-40.87,1695786591,,,,,,,,,
2023-09-27 09:19:51.753823,tf,NFO,59198,123.00,-40.92,1695786591,3160815,225,255,122.80,123.05,129.33,,,
2023-09-27 09:19:52.679140,tf,NFO,59198,122.60,-41.11,1695786592,,,,,,,,,
2023-09-27 09:19:52.952758,tf,NFO,59198,122.85,-40.99,1695786592,3170670,,240,122.45,122.70,129.31,,,
2023-09-27 09:19:53.679250,tf,NFO,59198,121.30,-41.74,1695786593,,,,,,,,,
2023-09-27 09:19:54.153746,tf,NFO,59198,122.15,-41.33,1695786594,3192975,315,105,122.15,122.20,129.26,121.00,,
2023-09-27 09:19:54.554419,tf,NFO,59198,122.05,-41.38,1695786594,3197325,180,120,122.05,122.35,129.25,,,
2023-09-27 09:19:54.679717,tf,NFO,59198,122.25,-41.28,1695786594,,,,,,,,,
2023-09-27 09:19:55.560287,tf,NFO,59198,121.60,-41.59,1695786595,3205305,315,420,121.20,121.50,129.23,,,
2023-09-27 09:19:55.680025,tf,NFO,59198,120.85,-41.95,1695786595,,,,,,,,,
2023-09-27 09:19:56.683245,tf,NFO,59198,122.05,-41.38,1695786596,,,,,,,,,
2023-09-27 09:19:56.758167,tf,NFO,59198,122.35,-41.23,1695786596,3215940,150,285,122.30,122.55,129.21,120.75,,
2023-09-27 09:19:57.682072,tf,NFO,59198,121.00,-41.88,1695786597,,,,,,,,,
2023-09-27 09:19:57.763442,tf,NFO,59198,120.95,-41.91,1695786597,3225300,255,375,120.90,121.20,129.19,,,
2023-09-27 09:19:58.682697,tf,NFO,59198,121.25,-41.76,1695786598,,,,,,,,,
2023-09-27 09:19:58.963345,tf,NFO,59198,120.90,-41.93,1695786598,3238425,75,90,120.45,120.70,129.15,120.15,,
2023-09-27 09:19:59.684009,tf,NFO,59198,122.30,-41.26,1695786599,,,,,,,,,
2023-09-27 09:20:00.163214,tf,NFO,59198,121.10,-41.83,1695786600,3266355,225,60,121.05,121.15,129.08,120.00,,
2023-09-27 09:20:00.563548,tf,NFO,59198,121.05,-41.86,1695786600,3271740,15,900,121.00,121.05,129.07,,,
2023-09-27 09:20:00.684688,tf,NFO,59198,120.90,-41.93,1695786600,,,,,,,,,
2023-09-27 09:20:01.569736,tf,NFO,59198,122.70,-41.07,1695786601,3307605,240,90,122.50,122.70,128.99,,,
2023-09-27 09:20:01.685485,tf,NFO,59198,122.80,-41.02,1695786601,,,,,,,,,
2023-09-27 09:20:02.686374,tf,NFO,59198,123.60,-40.63,1695786602,,,,,,,,,
2023-09-27 09:20:02.769265,tf,NFO,59198,123.90,-40.49,1695786602,3321825,60,960,123.80,123.95,128.97,,,
2023-09-27 09:20:03.686500,tf,NFO,59198,124.20,-40.35,1695786603,,,,,,,,,
2023-09-27 09:20:03.970036,tf,NFO,59198,124.40,-40.25,1695786603,3336120,315,30,124.30,124.40,128.95,,,
2023-09-27 09:20:04.687282,tf,NFO,59198,124.95,-39.99,1695786604,,,,,,,,,
2023-09-27 09:20:04.974076,tf,NFO,59198,124.70,-40.11,1695786604,3347970,90,90,124.65,124.70,128.93,,,
2023-09-27 09:20:05.688489,tf,NFO,59198,124.85,-40.03,1695786605,,,,,,,,,
2023-09-27 09:20:06.174108,tf,NFO,59198,124.70,-40.11,1695786606,3359250,405,15,124.75,124.85,128.92,,,
2023-09-27 09:20:06.573770,tf,NFO,59198,124.50,-40.20,1695786606,3365265,45,,124.50,124.65,128.91,,,
2023-09-27 09:20:06.696191,tf,NFO,59198,124.70,-40.11,1695786606,,,,,,,,,
2023-09-27 09:20:07.578225,tf,NFO,59198,124.05,-40.42,1695786607,3373155,30,150,124.10,124.25,128.90,,,
2023-09-27 09:20:07.689991,tf,NFO,59198,124.25,-40.32,1695786607,,,,,,,,,
2023-09-27 09:20:08.691424,tf,NFO,59198,124.05,-40.42,1695786608,,,,,,,,,
2023-09-27 09:20:08.777870,tf,NFO,59198,124.25,-40.32,1695786608,3380460,60,105,,124.15,128.89,,,
2023-09-27 09:20:09.691810,tf,NFO,59198,122.50,-41.16,1695786609,,,,,,,,,
2023-09-27 09:20:09.782686,tf,NFO,59198,122.75,-41.04,1695786609,3386565,45,45,122.60,122.75,128.88,,,
2023-09-27 09:20:10.692214,tf,NFO,59198,122.95,-40.95,1695786610,,,,,,,,,
2023-09-27 09:20:10.982671,tf,NFO,59198,122.75,-41.04,1695786610,3393630,15,,122.85,123.05,128.87,,,
2023-09-27 09:20:11.694331,tf,NFO,59198,122.45,-41.19,1695786611,,,,,,,,,
2023-09-27 09:20:12.182956,tf,NFO,59198,121.95,-41.43,1695786612,3399330,180,330,121.75,121.95,128.85,,,
2023-09-27 09:20:12.583557,tf,NFO,59198,121.85,-41.47,1695786612,3403575,15,195,121.65,121.85,,,,
2023-09-27 09:20:12.695419,tf,NFO,59198,121.75,-41.52,1695786612,,,,,,,,,
2023-09-27 09:20:13.587588,tf,NFO,59198,120.40,-42.17,1695786613,3427800,75,15,120.40,120.55,128.79,,,
2023-09-27 09:20:13.694449,tf,NFO,59198,120.20,-42.27,1695786613,,,,,,,,,
2023-09-27 09:20:14.697354,tf,NFO,59198,120.50,-42.12,1695786614,,,,,,,,,
2023-09-27 09:20:14.787290,tf,NFO,59198,120.20,-42.27,1695786614,3443145,,195,120.05,120.20,128.75,,,
2023-09-27 09:20:15.696501,tf,NFO,59198,120.15,-42.29,1695786615,,,,,,,,,
2023-09-27 09:20:15.792328,tf,NFO,59198,120.30,-42.22,1695786615,3459855,60,,120.00,120.15,128.71,119.80,,
2023-09-27 09:20:16.697594,tf,NFO,59198,120.50,-42.12,1695786616,,,,,,,,,
2023-09-27 09:20:16.990872,tf,NFO,59198,121.35,-41.71,1695786616,3466650,315,60,121.35,121.45,128.69,,,
2023-09-27 09:20:17.911466,tf,NFO,59198,120.50,-42.12,1695786617,,,,,,,,,
2023-09-27 09:20:17.996506,tf,NFO,59198,120.60,-42.07,1695786617,3479265,135,90,120.50,120.60,128.66,,,
2023-09-27 09:20:18.697341,tf,NFO,59198,121.50,-41.64,1695786618,,,,,,,,,
2023-09-27 09:20:19.195781,tf,NFO,59198,122.65,-41.09,1695786619,3502395,345,15,122.35,122.55,128.62,,,
2023-09-27 09:20:19.596099,tf,NFO,59198,123.25,-40.80,1695786619,3507285,105,315,123.10,123.35,128.61,,,
2023-09-27 09:20:19.697089,tf,NFO,59198,122.95,-40.95,1695786619,,,,,,,,,
2023-09-27 09:20:20.699116,tf,NFO,59198,122.55,-41.14,1695786620,,,,,,,,,
2023-09-27 09:20:21.703908,tf,NFO,59198,122.30,-41.26,1695786621,,,,,,,,,
2023-09-27 09:20:21.808569,tf,NFO,59198,121.85,-41.47,1695786621,3525465,1080,15,121.75,121.85,128.58,,,
2023-09-27 09:20:22.699874,tf,NFO,59198,120.60,-42.07,1695786622,,,,,,,,,
2023-09-27 09:20:23.001947,tf,NFO,59198,120.65,-42.05,1695786622,3540045,180,135,120.60,120.80,128.55,,,
2023-09-27 09:20:24.203211,tf,NFO,59198,121.15,-41.81,1695786624,3548190,480,15,120.90,121.10,128.53,,,
2023-09-27 09:20:24.603705,tf,NFO,59198,120.65,-42.05,1695786624,3550800,135,165,120.55,120.65,128.52,,,
2023-09-27 09:20:24.699674,tf,NFO,59198,120.50,-42.12,1695786624,,,,,,,,,
2023-09-27 09:20:25.607169,tf,NFO,59198,120.90,-41.93,1695786625,3566580,,210,120.85,121.00,128.49,,,
2023-09-27 09:20:25.699842,tf,NFO,59198,121.40,-41.69,1695786625,,,,,,,,,
2023-09-27 09:20:26.611015,tf,NFO,59198,121.30,-41.74,1695786626,3575400,195,15,121.40,121.50,128.47,,,
2023-09-27 09:20:27.700637,tf,NFO,59198,120.50,-42.12,1695786627,,,,,,,,,
2023-09-27 09:20:27.809781,tf,NFO,59198,120.35,-42.20,1695786627,3582855,210,210,120.20,120.30,128.46,,,
2023-09-27 09:20:28.701010,tf,NFO,59198,119.35,-42.68,1695786628,,,,,,,,,
2023-09-27 09:20:29.701987,tf,NFO,59198,118.50,-43.08,1695786629,,,,,,,,,
2023-09-27 09:20:30.014832,tf,NFO,59198,118.40,-43.13,1695786629,3624945,585,15,118.35,118.55,128.35,117.80,,
2023-09-27 09:20:30.703601,tf,NFO,59198,118.10,-43.28,1695786630,,,,,,,,,
2023-09-27 09:20:31.216944,tf,NFO,59198,118.60,-43.04,1695786631,3656310,180,,118.45,118.65,128.26,117.65,,
2023-09-27 09:20:31.616591,tf,NFO,59198,118.45,-43.11,1695786631,3658110,105,135,118.35,118.45,128.25,,,
2023-09-27 09:20:31.702640,tf,NFO,59198,118.00,-43.32,1695786631,,,,,,,,,
2023-09-27 09:20:32.620772,tf,NFO,59198,118.40,-43.13,1695786632,3668250,30,30,118.70,118.90,128.23,117.55,,
2023-09-27 09:20:32.704358,tf,NFO,59198,118.85,-42.92,1695786632,,,,,,,,,
2023-09-27 09:20:33.623265,tf,NFO,59198,119.90,-42.41,1695786633,3681180,60,225,119.70,119.90,128.20,,,
2023-09-27 09:20:33.704734,tf,NFO,59198,119.85,-42.44,1695786633,,,,,,,,,
2023-09-27 09:20:34.705312,tf,NFO,59198,120.35,-42.20,1695786634,,,,,,,,,
2023-09-27 09:20:34.820809,tf,NFO,59198,119.85,-42.44,1695786634,3694785,45,435,119.75,,128.17,,,
2023-09-27 09:20:35.722098,tf,NFO,59198,119.80,-42.46,1695786635,,,,,,,,,
2023-09-27 09:20:35.824214,tf,NFO,59198,120.20,-42.27,1695786635,3700455,15,270,120.00,120.10,128.15,,,
2023-09-27 09:20:36.711568,tf,NFO,59198,119.30,-42.70,1695786636,,,,,,,,,
2023-09-27 09:20:36.830024,tf,NFO,59198,119.50,-42.60,1695786636,3708300,30,120,119.30,119.50,128.14,,,
2023-09-27 09:20:37.719768,tf,NFO,59198,118.80,-42.94,1695786637,,,,,,,,,
2023-09-27 09:20:38.030382,tf,NFO,59198,118.75,-42.96,1695786637,3718440,600,135,118.70,118.90,128.11,,,
2023-09-27 09:20:38.708677,tf,NFO,59198,119.00,-42.84,1695786638,,,,,,,,,
2023-09-27 09:20:39.231116,tf,NFO,59198,117.90,-43.37,1695786639,3731970,240,675,117.80,117.90,128.08,,,
2023-09-27 09:20:39.631844,tf,NFO,59198,116.70,-43.95,1695786639,3742905,375,105,116.70,116.90,128.04,116.10,,
2023-09-27 09:20:39.723219,tf,NFO,59198,116.90,-43.85,1695786639,,,,,,,,,
2023-09-27 09:20:40.636931,tf,NFO,59198,117.60,-43.52,1695786640,3749145,465,,117.50,117.75,128.03,,,
2023-09-27 09:20:41.711472,tf,NFO,59198,116.60,-44.00,1695786641,,,,,,,,,
2023-09-27 09:20:41.834884,tf,NFO,59198,116.10,-44.24,1695786641,3760425,435,210,116.10,116.30,127.99,116.00,,
2023-09-27 09:20:42.711596,tf,NFO,59198,116.50,-44.04,1695786642,,,,,,,,,
2023-09-27 09:20:43.035361,tf,NFO,59198,115.90,-44.33,1695786642,3780060,15,90,115.75,115.90,127.93,115.15,,
2023-09-27 09:20:43.722603,tf,NFO,59198,116.70,-43.95,1695786643,,,,,,,,,
2023-09-27 09:20:44.038629,tf,NFO,59198,117.10,-43.76,1695786643,3790605,330,105,116.95,117.10,127.90,,,
2023-09-27 09:20:44.713176,tf,NFO,59198,115.60,-44.48,1695786644,,,,,,,,,
2023-09-27 09:20:45.238783,tf,NFO,59198,115.45,-44.55,1695786645,3817635,90,315,115.25,115.45,127.81,115.00,,
2023-09-27 09:20:45.640905,tf,NFO,59198,114.70,-44.91,1695786645,3831525,300,75,114.55,114.75,127.77,114.60,,
2023-09-27 09:20:45.720709,tf,NFO,59198,114.90,-44.81,1695786645,,,,,,,,,
2023-09-27 09:20:46.644161,tf,NFO,59198,116.15,-44.21,1695786646,3838500,45,270,116.20,116.45,127.74,,,
2023-09-27 09:20:46.713545,tf,NFO,59198,116.05,-44.26,1695786646,,,,,,,,,
2023-09-27 09:20:47.844067,tf,NFO,59198,115.65,-44.45,1695786647,3848145,90,165,115.75,115.95,127.71,,,
2023-09-27 09:20:47.914551,tf,NFO,59198,115.70,-44.43,1695786647,,,,,,,,,
2023-09-27 09:20:48.714556,tf,NFO,59198,116.30,-44.14,1695786648,,,,,,,,,
2023-09-27 09:20:49.044242,tf,NFO,59198,116.00,-44.28,1695786648,3857655,360,90,116.00,116.20,127.69,,,
2023-09-27 09:20:50.110302,tf,NFO,59198,117.10,-43.76,1695786649,,,,,,,,,
2023-09-27 09:20:50.303295,tf,NFO,59198,117.05,-43.78,1695786650,3871725,135,60,117.05,117.20,127.65,,,
2023-09-27 09:20:50.646268,tf,NFO,59198,118.40,-43.13,1695786650,3874650,120,30,118.00,118.15,127.64,,,
2023-09-27 09:20:51.666992,tf,NFO,59198,118.45,-43.11,1695786651,3887100,30,210,118.50,118.70,127.61,,,
2023-09-27 09:20:51.723179,tf,NFO,59198,118.55,-43.06,1695786651,,,,,,,,,
2023-09-27 09:20:52.716790,tf,NFO,59198,118.65,-43.01,1695786652,,,,,,,,,
2023-09-27 09:20:52.850744,tf,NFO,59198,118.30,-43.18,1695786652,3906360,420,,118.05,118.30,127.57,,,
2023-09-27 09:20:53.720227,tf,NFO,59198,118.45,-43.11,1695786653,,,,,,,,,
2023-09-27 09:20:53.855700,tf,NFO,59198,118.25,-43.20,1695786653,3919635,135,75,,,127.53,,,
2023-09-27 09:20:54.917683,tf,NFO,59198,118.70,-42.99,1695786654,,,,,,,,,
2023-09-27 09:20:55.055349,tf,NFO,59198,119.10,-42.80,1695786654,3936150,270,30,118.85,119.05,127.50,,,
2023-09-27 09:20:55.722060,tf,NFO,59198,119.45,-42.63,1695786655,,,,,,,,,
2023-09-27 09:20:56.256575,tf,NFO,59198,119.20,-42.75,1695786656,3944190,285,105,119.20,119.40,127.48,,,
2023-09-27 09:20:56.656747,tf,NFO,59198,119.10,-42.80,1695786656,3947895,270,30,119.15,119.30,127.47,,,
2023-09-27 09:20:56.718282,tf,NFO,59198,118.95,-42.87,1695786656,,,,,,,,,
2023-09-27 09:20:57.719507,tf,NFO,59198,118.00,-43.32,1695786657,,,,,,,,,
2023-09-27 09:20:57.855727,tf,NFO,59198,118.25,-43.20,1695786657,3956670,90,180,118.10,118.25,127.45,,,
2023-09-27 09:20:58.719158,tf,NFO,59198,117.55,-43.54,1695786658,,,,,,,,,
2023-09-27 09:20:58.860541,tf,NFO,59198,118.35,-43.16,1695786658,3964710,60,60,,118.30,127.43,,,
2023-09-27 09:20:59.726520,tf,NFO,59198,118.80,-42.94,1695786659,,,,,,,,,
2023-09-27 09:21:00.061220,tf,NFO,59198,119.10,-42.80,1695786659,3979035,90,345,118.95,119.15,127.40,,,
2023-09-27 09:21:00.721827,tf,NFO,59198,119.45,-42.63,1695786660,,,,,,,,,
2023-09-27 09:21:01.261071,tf,NFO,59198,118.90,-42.89,1695786661,3988365,270,15,118.80,118.90,127.38,,,
2023-09-27 09:21:01.673475,tf,NFO,59198,119.45,-42.63,1695786661,3996720,90,195,119.20,119.45,127.36,,,
2023-09-27 09:21:01.920987,tf,NFO,59198,119.15,-42.77,1695786661,,,,,,,,,
2023-09-27 09:21:02.665782,tf,NFO,59198,120.00,-42.36,1695786662,4014585,30,15,120.10,120.25,127.33,,,
2023-09-27 09:21:02.721176,tf,NFO,59198,120.15,-42.29,1695786662,,,,,,,,,
2023-09-27 09:21:03.736723,tf,NFO,59198,120.85,-41.95,1695786663,,,,,,,,,
2023-09-27 09:21:03.864756,tf,NFO,59198,120.60,-42.07,1695786663,4027260,255,135,120.60,120.85,127.31,,,
2023-09-27 09:21:04.725460,tf,NFO,59198,120.30,-42.22,1695786664,,,,,,,,,
2023-09-27 09:21:04.869699,tf,NFO,59198,120.35,-42.20,1695786664,4033185,195,15,120.15,120.30,127.30,,,
2023-09-27 09:21:05.728605,tf,NFO,59198,120.60,-42.07,1695786665,,,,,,,,,
2023-09-27 09:21:06.069071,tf,NFO,59198,121.35,-41.71,1695786665,4045275,270,915,121.20,121.35,127.28,,,
2023-09-27 09:21:06.723055,tf,NFO,59198,121.05,-41.86,1695786666,,,,,,,,,
2023-09-27 09:21:07.270055,tf,NFO,59198,121.20,-41.79,1695786667,4050870,105,255,121.10,121.20,127.27,,,
2023-09-27 09:21:07.684206,tf,NFO,59198,121.50,-41.64,1695786667,4054695,60,630,121.45,121.70,127.26,,,
2023-09-27 09:21:07.723301,tf,NFO,59198,121.35,-41.71,1695786667,,,,,,,,,
2023-09-27 09:21:08.674805,tf,NFO,59198,122.70,-41.07,1695786668,4066335,15,90,122.45,122.55,127.25,,,
2023-09-27 09:21:08.723567,tf,NFO,59198,122.15,-41.33,1695786668,,,,,,,,,
2023-09-27 09:21:09.684812,tf,NFO,59198,121.80,-41.50,1695786669,4076760,240,135,121.75,122.00,127.24,,,
2023-09-27 09:21:09.723669,tf,NFO,59198,122.15,-41.33,1695786669,,,,,,,,,
2023-09-27 09:21:10.724566,tf,NFO,59198,121.85,-41.47,1695786670,,,,,,,,,
2023-09-27 09:21:10.876250,tf,NFO,59198,121.90,-41.45,1695786670,4086735,255,150,121.85,,127.22,,,
2023-09-27 09:21:11.724970,tf,NFO,59198,122.10,-41.35,1695786671,,,,,,,,,
2023-09-27 09:21:12.075676,tf,NFO,59198,122.50,-41.16,1695786671,4095825,15,15,122.60,122.70,127.21,,,
2023-09-27 09:21:12.727915,tf,NFO,59198,122.60,-41.11,1695786672,,,,,,,,,
2023-09-27 09:21:13.080096,tf,NFO,59198,122.70,-41.07,1695786672,4103220,360,,122.65,122.85,127.20,,,
2023-09-27 09:21:13.727493,tf,NFO,59198,121.70,-41.55,1695786673,,,,,,,,,
2023-09-27 09:21:14.281238,tf,NFO,59198,120.65,-42.05,1695786674,4119765,75,,120.90,121.00,127.18,,,
2023-09-27 09:21:14.679567,tf,NFO,59198,121.00,-41.88,1695786674,4123260,30,390,121.05,121.20,,,,
2023-09-27 09:21:15.687813,tf,NFO,59198,120.50,-42.12,1695786675,4129065,105,90,120.30,120.50,127.17,,,
2023-09-27 09:21:15.728676,tf,NFO,59198,120.55,-42.10,1695786675,,,,,,,,,
2023-09-27 09:21:16.685082,tf,NFO,59198,121.50,-41.64,1695786676,4135140,195,765,121.30,121.50,127.16,,,
2023-09-27 09:21:17.696140,tf,NFO,59198,121.85,-41.47,1695786677,4140870,270,195,121.65,121.85,127.15,,,
2023-09-27 09:21:17.729661,tf,NFO,59198,121.65,-41.57,1695786677,,,,,,,,,
2023-09-27 09:21:18.730630,tf,NFO,59198,121.30,-41.74,1695786678,,,,,,,,,
2023-09-27 09:21:18.888466,tf,NFO,59198,120.90,-41.93,1695786678,4148010,345,90,120.85,120.90,127.14,,,
2023-09-27 09:21:19.732314,tf,NFO,59198,120.20,-42.27,1695786679,,,,,,,,,
2023-09-27 09:21:19.891662,tf,NFO,59198,120.00,-42.36,1695786679,4155135,120,315,119.90,120.00,127.13,,,
2023-09-27 09:21:20.731781,tf,NFO,59198,120.55,-42.10,1695786680,,,,,,,,,
2023-09-27 09:21:21.089782,tf,NFO,59198,121.40,-41.69,1695786680,4160760,345,120,121.25,121.50,127.12,,,
2023-09-27 09:21:21.733009,tf,NFO,59198,120.95,-41.91,1695786681,,,,,,,,,
2023-09-27 09:21:22.733753,tf,NFO,59198,120.25,-42.24,1695786682,,,,,,,,,
2023-09-27 09:21:23.294461,tf,NFO,59198,119.55,-42.58,1695786683,4174440,75,60,119.55,119.70,127.10,,,
2023-09-27 09:21:23.703130,tf,NFO,59198,119.90,-42.41,1695786683,4175730,15,120,119.70,119.80,,,,
2023-09-27 09:21:23.733924,tf,NFO,59198,119.70,-42.51,1695786683,,,,,,,,,
2023-09-27 09:21:24.698086,tf,NFO,59198,119.40,-42.65,1695786684,4178805,90,15,119.35,119.40,127.09,,,
2023-09-27 09:21:25.736101,tf,NFO,59198,118.80,-42.94,1695786685,,,,,,,,,
2023-09-27 09:21:25.896400,tf,NFO,59198,119.05,-42.82,1695786685,4187130,105,,119.00,119.05,127.08,,,
2023-09-27 09:21:26.736431,tf,NFO,59198,119.35,-42.68,1695786686,,,,,,,,,
2023-09-27 09:21:26.901576,tf,NFO,59198,119.50,-42.60,1695786686,4193220,135,45,119.30,119.45,127.07,,,
2023-09-27 09:21:27.736874,tf,NFO,59198,119.90,-42.41,1695786687,,,,,,,,,
2023-09-27 09:21:28.102019,tf,NFO,59198,119.75,-42.48,1695786688,4198050,225,75,119.70,119.85,127.06,,,
2023-09-27 09:21:28.737533,tf,NFO,59198,120.05,-42.34,1695786688,,,,,,,,,
2023-09-27 09:21:29.106216,tf,NFO,59198,119.90,-42.41,1695786689,4203000,540,165,119.90,120.10,127.05,,,
2023-09-27 09:21:29.739712,tf,NFO,59198,120.35,-42.20,1695786689,,,,,,,,,
2023-09-27 09:21:30.305907,tf,NFO,59198,120.65,-42.05,1695786690,4208775,15,360,120.80,120.90,127.04,,,
2023-09-27 09:21:30.704881,tf,NFO,59198,121.20,-41.79,1695786690,4211235,75,330,120.95,121.20,,,,
2023-09-27 09:21:31.717466,tf,NFO,59198,120.65,-42.05,1695786691,4214565,,15,120.60,120.65,127.03,,,
2023-09-27 09:21:32.741328,tf,NFO,59198,120.45,-42.15,1695786692,,,,,,,,,
2023-09-27 09:21:32.906737,tf,NFO,59198,120.25,-42.24,1695786692,4219890,480,330,120.00,120.25,127.02,,,
2023-09-27 09:21:33.741172,tf,NFO,59198,119.25,-42.72,1695786693,,,,,,,,,
2023-09-27 09:21:33.913761,tf,NFO,59198,118.80,-42.94,1695786693,4225170,90,15,118.65,118.75,127.01,,,
2023-09-27 09:21:34.741693,tf,NFO,59198,118.00,-43.32,1695786694,,,,,,,,,
2023-09-27 09:21:35.114342,tf,NFO,59198,117.80,-43.42,1695786695,4236720,135,45,117.60,117.75,126.99,,,
2023-09-27 09:21:35.743049,tf,NFO,59198,118.00,-43.32,1695786695,,,,,,,,,
2023-09-27 09:21:36.742966,tf,NFO,59198,117.90,-43.37,1695786696,,,,,,,,,
2023-09-27 09:21:37.716461,tf,NFO,59198,118.20,-43.23,1695786697,4248450,315,720,118.00,118.20,126.96,,,
2023-09-27 09:21:37.743884,tf,NFO,59198,118.00,-43.32,1695786697,,,,,,,,,
2023-09-27 09:21:39.745263,tf,NFO,59198,117.10,-43.76,1695786699,,,,,,,,,
2023-09-27 09:21:40.745263,tf,NFO,59198,117.00,-43.80,1695786700,,,,,,,,,
2023-09-27 09:21:40.924066,tf,NFO,59198,117.05,-43.78,1695786700,4270440,60,15,117.00,117.05,126.91,,,
2023-09-27 09:21:41.745783,tf,NFO,59198,117.35,-43.64,1695786701,,,,,,,,,
2023-09-27 09:21:42.123673,tf,NFO,59198,117.05,-43.78,1695786702,4273485,75,45,117.15,117.25,,,,
2023-09-27 09:21:42.745988,tf,NFO,59198,117.80,-43.42,1695786702,,,,,,,,,
2023-09-27 09:21:43.322273,tf,NFO,59198,117.60,-43.52,1695786703,4276635,15,315,117.45,117.65,126.90,,,
2023-09-27 09:21:43.735522,tf,NFO,59198,118.10,-43.28,1695786703,4278555,45,300,118.10,118.25,126.89,,,
2023-09-27 09:21:44.725355,tf,NFO,59198,118.30,-43.18,1695786704,4282020,15,15,118.35,118.40,,,,
2023-09-27 09:21:45.730280,tf,NFO,59198,118.20,-43.23,1695786705,4287105,165,90,117.95,118.15,126.88,,,
2023-09-27 09:21:45.747670,tf,NFO,59198,118.05,-43.30,1695786705,,,,,,,,,
2023-09-27 09:21:46.736108,tf,NFO,59198,117.90,-43.37,1695786706,4290750,75,930,117.80,118.05,126.87,,,
2023-09-27 09:21:46.749175,tf,NFO,59198,117.80,-43.42,1695786706,,,,,,,,,
2023-09-27 09:21:47.748584,tf,NFO,59198,118.20,-43.23,1695786707,,,,,,,,,
2023-09-27 09:21:47.932602,tf,NFO,59198,117.65,-43.49,1695786707,4295760,135,60,117.60,117.75,126.86,,,
2023-09-27 09:21:49.131912,tf,NFO,59198,117.40,-43.61,1695786709,4300815,75,15,117.35,117.45,126.85,,,
2023-09-27 09:21:49.749680,tf,NFO,59198,117.70,-43.47,1695786709,,,,,,,,,
2023-09-27 09:21:50.137937,tf,NFO,59198,117.45,-43.59,1695786710,4304400,15,330,117.45,117.60,126.84,,,
2023-09-27 09:21:50.749604,tf,NFO,59198,117.75,-43.44,1695786710,,,,,,,,,
2023-09-27 09:21:51.337921,tf,NFO,59198,118.10,-43.28,1695786711,4310190,30,15,118.05,118.15,126.83,,,
2023-09-27 09:21:51.742289,tf,NFO,59198,118.15,-43.25,1695786711,4312590,,900,117.95,,126.82,,,
2023-09-27 09:21:51.750716,tf,NFO,59198,118.05,-43.30,1695786711,,,,,,,,,
2023-09-27 09:21:52.742061,tf,NFO,59198,118.00,-43.32,1695786712,4316580,,15,118.00,118.05,,,,
2023-09-27 09:21:53.752676,tf,NFO,59198,118.20,-43.23,1695786713,,,,,,,,,
2023-09-27 09:21:53.939742,tf,NFO,59198,118.05,-43.30,1695786713,4319445,120,30,118.05,118.25,126.81,,,
2023-09-27 09:21:54.752771,tf,NFO,59198,118.65,-43.01,1695786714,,,,,,,,,
2023-09-27 09:21:54.944961,tf,NFO,59198,118.45,-43.11,1695786714,4324515,90,195,118.45,118.70,126.80,,,
2023-09-27 09:21:55.754567,tf,NFO,59198,118.35,-43.16,1695786715,,,,,,,,,
2023-09-27 09:21:56.142976,tf,NFO,59198,117.80,-43.42,1695786716,4329675,165,90,117.90,118.05,126.79,,,
2023-09-27 09:21:56.753985,tf,NFO,59198,117.00,-43.80,1695786716,,,,,,,,,
2023-09-27 09:21:57.148559,tf,NFO,59198,117.25,-43.68,1695786717,4337835,180,435,117.00,117.25,126.77,,,
2023-09-27 09:21:57.755263,tf,NFO,59198,116.65,-43.97,1695786717,,,,,,,,,
2023-09-27 09:21:58.348814,tf,NFO,59198,117.00,-43.80,1695786718,4344690,30,165,,117.20,126.76,,,
2023-09-27 09:21:58.748504,tf,NFO,59198,116.85,-43.88,1695786718,4345665,,15,116.65,116.85,126.75,,,
2023-09-27 09:21:59.752839,tf,NFO,59198,117.05,-43.78,1695786719,4352220,45,30,116.85,117.00,126.74,,,
2023-09-27 09:22:00.753975,tf,NFO,59198,117.20,-43.71,1695786720,4356525,15,75,117.20,117.25,126.73,,,
2023-09-27 09:22:01.756301,tf,NFO,59198,117.65,-43.49,1695786721,4363155,45,,117.50,117.65,126.72,,,
2023-09-27 09:22:02.759876,tf,NFO,59198,117.80,-43.42,1695786722,,,,,,,,,
2023-09-27 09:22:02.953024,tf,NFO,59198,118.00,-43.32,1695786722,4374390,120,345,117.80,118.00,126.69,,,
2023-09-27 09:22:03.761362,tf,NFO,59198,118.80,-42.94,1695786723,,,,,,,,,
2023-09-27 09:22:03.957263,tf,NFO,59198,118.50,-43.08,1695786723,4381830,60,210,118.50,118.60,126.68,,,
2023-09-27 09:22:04.760869,tf,NFO,59198,117.75,-43.44,1695786724,,,,,,,,,
2023-09-27 09:22:04.961334,tf,NFO,59198,117.90,-43.37,1695786724,4384620,15,495,117.75,117.90,126.67,,,
2023-09-27 09:22:05.762799,tf,NFO,59198,117.05,-43.78,1695786725,,,,,,,,,
2023-09-27 09:22:06.160310,tf,NFO,59198,116.55,-44.02,1695786726,4392405,300,15,116.25,116.50,126.66,,,
2023-09-27 09:22:06.763010,tf,NFO,59198,116.95,-43.83,1695786726,,,,,,,,,
2023-09-27 09:22:07.763852,tf,NFO,59198,116.00,-44.28,1695786727,,,,,,,,,
2023-09-27 09:22:08.364804,tf,NFO,59198,116.50,-44.04,1695786728,4403910,270,570,116.20,116.45,126.63,,,
2023-09-27 09:22:08.764574,tf,NFO,59198,117.60,-43.52,1695786728,,,,,,,,,
2023-09-27 09:22:09.765784,tf,NFO,59198,117.30,-43.66,1695786729,,,,,,,,,
2023-09-27 09:22:10.766309,tf,NFO,59198,117.05,-43.78,1695786730,,,,,,,,,
2023-09-27 09:22:10.967124,tf,NFO,59198,116.60,-44.00,1695786730,4425360,765,225,116.60,116.80,,,,
2023-09-27 09:22:11.767767,tf,NFO,59198,116.70,-43.95,1695786731,,,,,,,,,
2023-09-27 09:22:11.970669,tf,NFO,59198,116.45,-44.07,1695786731,4429995,150,210,116.35,116.55,126.57,,,
2023-09-27 09:22:12.768136,tf,NFO,59198,116.00,-44.28,1695786732,,,,,,,,,
2023-09-27 09:22:13.169596,tf,NFO,59198,116.55,-44.02,1695786733,4433820,15,90,116.40,,,,,
2023-09-27 09:22:13.779556,tf,NFO,59198,116.35,-44.12,1695786733,,,,,,,,,
2023-09-27 09:22:14.769872,tf,NFO,59198,116.85,-43.88,1695786734,,,,,,,,,
2023-09-27 09:22:15.175893,tf,NFO,59198,116.40,-44.09,1695786735,4440480,300,30,116.40,116.60,126.55,,,
2023-09-27 09:22:15.770468,tf,NFO,59198,116.10,-44.24,1695786735,,,,,,,,,
2023-09-27 09:22:16.376031,tf,NFO,59198,116.40,-44.09,1695786736,4444605,30,75,116.50,116.55,126.54,,,
2023-09-27 09:22:16.772426,tf,NFO,59198,116.20,-44.19,1695786736,,,,,,,,,
2023-09-27 09:22:17.771390,tf,NFO,59198,116.25,-44.16,1695786737,,,,,,,,,
2023-09-27 09:22:18.783463,tf,NFO,59198,116.50,-44.04,1695786738,4453695,30,150,116.30,116.45,126.52,,,
2023-09-27 09:22:19.772312,tf,NFO,59198,116.05,-44.26,1695786739,,,,,,,,,
2023-09-27 09:22:19.981907,tf,NFO,59198,116.20,-44.19,1695786739,4459275,45,135,116.00,116.10,126.51,,,
2023-09-27 09:22:20.774153,tf,NFO,59198,115.10,-44.72,1695786740,,,,,,,,,
2023-09-27 09:22:20.987887,tf,NFO,59198,115.40,-44.57,1695786740,4481460,240,45,115.20,115.45,126.45,,,
2023-09-27 09:22:21.774157,tf,NFO,59198,116.00,-44.28,1695786741,,,,,,,,,
2023-09-27 09:22:22.187508,tf,NFO,59198,116.15,-44.21,1695786742,4492515,75,585,116.20,116.30,126.42,,,
2023-09-27 09:22:22.774609,tf,NFO,59198,116.50,-44.04,1695786742,,,,,,,,,
2023-09-27 09:22:23.387691,tf,NFO,59198,117.30,-43.66,1695786743,4502340,165,15,117.15,117.35,126.40,,,
2023-09-27 09:22:23.775184,tf,NFO,59198,118.00,-43.32,1695786743,,,,,,,,,
2023-09-27 09:22:24.776151,tf,NFO,59198,118.75,-42.96,1695786744,,,,,,,,,
2023-09-27 09:22:25.776591,tf,NFO,59198,119.15,-42.77,1695786745,,,,,,,,,
2023-09-27 09:22:26.976459,tf,NFO,59198,119.75,-42.48,1695786746,,,,,,,,,
2023-09-27 09:22:27.777848,tf,NFO,59198,119.30,-42.70,1695786747,,,,,,,,,
2023-09-27 09:22:27.999600,tf,NFO,59198,119.05,-42.82,1695786747,4545270,60,30,119.05,119.20,126.33,,,
2023-09-27 09:22:28.777470,tf,NFO,59198,118.55,-43.06,1695786748,,,,,,,,,
2023-09-27 09:22:29.198765,tf,NFO,59198,117.90,-43.37,1695786749,4550325,75,90,117.85,118.00,,,,
2023-09-27 09:22:29.778479,tf,NFO,59198,118.10,-43.28,1695786749,,,,,,,,,
2023-09-27 09:22:30.399279,tf,NFO,59198,118.95,-42.87,1695786750,4555260,345,270,118.70,118.95,126.32,,,
2023-09-27 09:22:30.778824,tf,NFO,59198,119.10,-42.80,1695786750,,,,,,,,,
2023-09-27 09:22:30.799039,tf,NFO,59198,119.00,-42.84,1695786750,4556010,165,15,119.00,119.10,,,,
2023-09-27 09:22:31.779264,tf,NFO,59198,119.40,-42.65,1695786751,,,,,,,,,
2023-09-27 09:22:32.779458,tf,NFO,59198,119.55,-42.58,1695786752,,,,,,,,,
2023-09-27 09:22:32.808161,tf,NFO,59198,119.65,-42.53,1695786752,4564170,180,,119.35,119.55,126.30,,,
2023-09-27 09:22:33.779435,tf,NFO,59198,119.30,-42.70,1695786753,,,,,,,,,
2023-09-27 09:22:34.779786,tf,NFO,59198,119.55,-42.58,1695786754,,,,,,,,,
2023-09-27 09:22:35.008184,tf,NFO,59198,119.75,-42.48,1695786754,4580505,150,75,119.65,119.85,126.28,,,
2023-09-27 09:22:35.780252,tf,NFO,59198,119.65,-42.53,1695786755,,,,,,,,,
2023-09-27 09:22:36.011537,tf,NFO,59198,119.85,-42.44,1695786755,4587570,30,30,119.70,119.90,126.27,,,
2023-09-27 09:22:36.781109,tf,NFO,59198,119.70,-42.51,1695786756,,,,,,,,,
2023-09-27 09:22:37.211242,tf,NFO,59198,119.30,-42.70,1695786757,4597950,705,45,119.10,119.30,126.25,,,
2023-09-27 09:22:37.981884,tf,NFO,59198,119.00,-42.84,1695786757,,,,,,,,,
2023-09-27 09:22:38.411381,tf,NFO,59198,119.10,-42.80,1695786758,4602345,420,195,118.85,119.15,,,,
2023-09-27 09:22:38.782205,tf,NFO,59198,119.05,-42.82,1695786758,,,,,,,,,
2023-09-27 09:22:39.784315,tf,NFO,59198,120.35,-42.20,1695786759,,,,,,,,,
2023-09-27 09:22:40.783819,tf,NFO,59198,120.45,-42.15,1695786760,,,,,,,,,
2023-09-27 09:22:41.015567,tf,NFO,59198,120.80,-41.98,1695786760,4616790,90,300,120.60,120.80,,,,
2023-09-27 09:22:41.785510,tf,NFO,59198,120.30,-42.22,1695786761,,,,,,,,,
2023-09-27 09:22:42.020624,tf,NFO,59198,120.05,-42.34,1695786761,4624080,270,90,120.05,120.30,126.22,,,
2023-09-27 09:22:42.786743,tf,NFO,59198,121.15,-41.81,1695786762,,,,,,,,,
2023-09-27 09:22:43.220258,tf,NFO,59198,121.85,-41.47,1695786763,4631130,150,15,121.70,121.85,126.21,,,
2023-09-27 09:22:43.787151,tf,NFO,59198,121.05,-41.86,1695786763,,,,,,,,,
2023-09-27 09:22:44.226670,tf,NFO,59198,121.15,-41.81,1695786764,4643295,435,390,121.00,121.25,126.20,,,
2023-09-27 09:22:44.787704,tf,NFO,59198,121.60,-41.59,1695786764,,,,,,,,,
2023-09-27 09:22:45.426652,tf,NFO,59198,121.80,-41.50,1695786765,4650555,90,15,121.60,121.75,126.19,,,
2023-09-27 09:22:45.790284,tf,NFO,59198,122.00,-41.40,1695786765,,,,,,,,,
2023-09-27 09:22:45.826444,tf,NFO,59198,121.60,-41.59,1695786765,4657005,150,240,121.65,,126.18,,,
2023-09-27 09:22:46.790187,tf,NFO,59198,121.85,-41.47,1695786766,,,,,,,,,
2023-09-27 09:22:47.790857,tf,NFO,59198,122.45,-41.19,1695786767,,,,,,,,,
2023-09-27 09:22:47.832331,tf,NFO,59198,122.30,-41.26,1695786767,4666305,525,90,122.40,122.65,126.17,,,
2023-09-27 09:22:48.791730,tf,NFO,59198,122.45,-41.19,1695786768,,,,,,,,,
2023-09-27 09:22:49.030788,tf,NFO,59198,122.60,-41.11,1695786768,4671240,225,540,,,,,,
2023-09-27 09:22:49.792542,tf,NFO,59198,121.15,-41.81,1695786769,,,,,,,,,
2023-09-27 09:22:50.036065,tf,NFO,59198,121.00,-41.88,1695786769,4682445,345,330,120.90,121.15,126.16,,,
2023-09-27 09:22:50.792289,tf,NFO,59198,120.65,-42.05,1695786770,,,,,,,,,
2023-09-27 09:22:51.233697,tf,NFO,59198,121.00,-41.88,1695786771,4688970,450,150,120.70,120.80,126.15,,,
2023-09-27 09:22:51.794757,tf,NFO,59198,120.95,-41.91,1695786771,,,,,,,,,
2023-09-27 09:22:52.238468,tf,NFO,59198,121.45,-41.67,1695786772,4691445,120,705,121.25,121.45,,,,
2023-09-27 09:22:52.794598,tf,NFO,59198,121.30,-41.74,1695786772,,,,,,,,,
2023-09-27 09:22:53.437771,tf,NFO,59198,122.00,-41.40,1695786773,4698255,15,540,121.85,122.05,126.14,,,
2023-09-27 09:22:53.795371,tf,NFO,59198,121.35,-41.71,1695786773,,,,,,,,,
2023-09-27 09:22:53.837500,tf,NFO,59198,121.40,-41.69,1695786773,4700100,,165,121.45,121.65,,,,
2023-09-27 09:22:54.796142,tf,NFO,59198,120.90,-41.93,1695786774,,,,,,,,,
2023-09-27 09:22:54.840858,tf,NFO,59198,121.00,-41.88,1695786774,4703520,150,315,120.85,121.00,,,,
2023-09-27 09:22:55.796630,tf,NFO,59198,120.95,-41.91,1695786775,,,,,,,,,
2023-09-27 09:22:56.038466,tf,NFO,59198,121.60,-41.59,1695786775,4706370,180,90,121.40,121.60,,,,
2023-09-27 09:22:56.797820,tf,NFO,59198,122.20,-41.31,1695786776,,,,,,,,,
2023-09-27 09:22:57.055043,tf,NFO,59198,122.15,-41.33,1695786776,4712535,,1725,122.15,122.30,126.13,,,
2023-09-27 09:22:57.798477,tf,NFO,59198,122.40,-41.21,1695786777,,,,,,,,,
2023-09-27 09:22:58.057387,tf,NFO,59198,122.20,-41.31,1695786777,4716930,420,135,122.10,122.35,,,,
2023-09-27 09:22:58.798546,tf,NFO,59198,121.90,-41.45,1695786778,,,,,,,,,
2023-09-27 09:22:59.057146,tf,NFO,59198,121.65,-41.57,1695786778,4723290,30,780,121.70,121.95,126.12,,,
2023-09-27 09:22:59.800278,tf,NFO,59198,121.80,-41.50,1695786779,,,,,,,,,
2023-09-27 09:23:00.245193,tf,NFO,59198,121.40,-41.69,1695786780,4728720,,330,121.30,121.50,,,,
2023-09-27 09:23:00.800483,tf,NFO,59198,120.55,-42.10,1695786780,,,,,,,,,
2023-09-27 09:23:01.249686,tf,NFO,59198,120.00,-42.36,1695786781,4743330,255,60,120.05,120.15,126.10,,,
2023-09-27 09:23:01.800990,tf,NFO,59198,120.25,-42.24,1695786781,,,,,,,,,
2023-09-27 09:23:02.451352,tf,NFO,59198,120.70,-42.03,1695786782,4748085,150,180,120.50,120.70,126.09,,,
2023-09-27 09:23:02.801679,tf,NFO,59198,120.85,-41.95,1695786782,,,,,,,,,
2023-09-27 09:23:03.803104,tf,NFO,59198,121.95,-41.43,1695786783,,,,,,,,,
2023-09-27 09:23:04.804325,tf,NFO,59198,121.45,-41.67,1695786784,,,,,,,,,
2023-09-27 09:23:05.056100,tf,NFO,59198,121.15,-41.81,1695786784,4762035,165,615,121.05,121.30,126.08,,,
2023-09-27 09:23:05.804541,tf,NFO,59198,121.65,-41.57,1695786785,,,,,,,,,
2023-09-27 09:23:06.054838,tf,NFO,59198,121.55,-41.62,1695786785,4765320,30,135,121.35,121.50,,,,
2023-09-27 09:23:06.805515,tf,NFO,59198,120.60,-42.07,1695786786,,,,,,,,,
2023-09-27 09:23:07.058966,tf,NFO,59198,120.45,-42.15,1695786786,4767075,135,75,120.30,120.45,,,,
2023-09-27 09:23:07.805158,tf,NFO,59198,120.85,-41.95,1695786787,,,,,,,,,
2023-09-27 09:23:08.258746,tf,NFO,59198,120.95,-41.91,1695786788,4772205,210,255,120.60,120.80,126.07,,,
2023-09-27 09:23:08.805363,tf,NFO,59198,120.20,-42.27,1695786788,,,,,,,,,
2023-09-27 09:23:09.456562,tf,NFO,59198,119.65,-42.53,1695786789,4789845,75,30,119.60,119.70,126.05,,,
2023-09-27 09:23:09.857955,tf,NFO,59198,120.40,-42.17,1695786789,4791915,420,15,120.20,120.40,126.04,,,
2023-09-27 09:23:10.006049,tf,NFO,59198,120.30,-42.22,1695786789,,,,,,,,,
2023-09-27 09:23:10.806721,tf,NFO,59198,119.55,-42.58,1695786790,,,,,,,,,
2023-09-27 09:23:10.861336,tf,NFO,59198,119.50,-42.60,1695786790,4796355,90,105,119.35,119.55,,,,
2023-09-27 09:23:11.806708,tf,NFO,59198,118.85,-42.92,1695786791,,,,,,,,,
2023-09-27 09:23:11.863655,tf,NFO,59198,118.90,-42.89,1695786791,4809675,60,180,118.90,119.05,126.02,,,
2023-09-27 09:23:12.807934,tf,NFO,59198,119.40,-42.65,1695786792,,,,,,,,,
2023-09-27 09:23:12.865965,tf,NFO,59198,119.30,-42.70,1695786792,4814325,,,119.40,119.60,126.01,,,
2023-09-27 09:23:13.808138,tf,NFO,59198,119.95,-42.39,1695786793,,,,,,,,,
2023-09-27 09:23:14.063915,tf,NFO,59198,120.10,-42.32,1695786793,4818075,90,15,119.90,120.00,,,,
2023-09-27 09:23:14.808961,tf,NFO,59198,120.20,-42.27,1695786794,,,,,,,,,
2023-09-27 09:23:15.068130,tf,NFO,59198,120.50,-42.12,1695786794,4823550,60,330,120.55,120.70,126.00,,,
2023-09-27 09:23:15.809764,tf,NFO,59198,120.10,-42.32,1695786795,,,,,,,,,
2023-09-27 09:23:16.266483,tf,NFO,59198,120.30,-42.22,1695786796,4828380,855,510,120.05,120.35,,,,
2023-09-27 09:23:16.810318,tf,NFO,59198,120.20,-42.27,1695786796,,,,,,,,,
2023-09-27 09:23:17.270946,tf,NFO,59198,120.50,-42.12,1695786797,4831575,105,30,120.35,120.45,125.99,,,
2023-09-27 09:23:17.810321,tf,NFO,59198,120.55,-42.10,1695786797,,,,,,,,,
2023-09-27 09:23:18.469279,tf,NFO,59198,120.35,-42.20,1695786798,4832430,420,255,120.10,120.35,,,,
2023-09-27 09:23:18.870312,tf,NFO,59198,120.50,-42.12,1695786798,4833885,15,1020,120.35,120.55,,,,
2023-09-27 09:23:19.811596,tf,NFO,59198,120.55,-42.10,1695786799,,,,,,,,,
2023-09-27 09:23:19.873412,tf,NFO,59198,120.70,-42.03,1695786799,4839405,180,255,120.70,120.90,125.98,,,
2023-09-27 09:23:20.812178,tf,NFO,59198,120.45,-42.15,1695786800,,,,,,,,,
2023-09-27 09:23:20.875227,tf,NFO,59198,120.25,-42.24,1695786800,4843170,120,195,120.20,120.30,,,,
2023-09-27 09:23:21.813161,tf,NFO,59198,120.20,-42.27,1695786801,,,,,,,,,
2023-09-27 09:23:22.813324,tf,NFO,59198,120.60,-42.07,1695786802,,,,,,,,,
2023-09-27 09:23:23.076510,tf,NFO,59198,120.90,-41.93,1695786802,4850910,180,285,120.60,120.80,125.97,,,
2023-09-27 09:23:23.813587,tf,NFO,59198,121.15,-41.81,1695786803,,,,,,,,,
2023-09-27 09:23:24.815018,tf,NFO,59198,121.05,-41.86,1695786804,,,,,,,,,
2023-09-27 09:23:25.083289,tf,NFO,59198,121.00,-41.88,1695786804,4856295,255,210,120.85,121.00,,,,
2023-09-27 09:23:25.815373,tf,NFO,59198,121.25,-41.76,1695786805,,,,,,,,,
2023-09-27 09:23:26.282861,tf,NFO,59198,121.35,-41.71,1695786806,4861530,30,90,121.15,121.40,125.96,,,
2023-09-27 09:23:26.816028,tf,NFO,59198,121.00,-41.88,1695786806,,,,,,,,,
2023-09-27 09:23:27.482032,tf,NFO,59198,120.90,-41.93,1695786807,4865745,135,195,120.70,120.85,,,,
2023-09-27 09:23:27.815903,tf,NFO,59198,121.00,-41.88,1695786807,,,,,,,,,
2023-09-27 09:23:27.883253,tf,NFO,59198,120.85,-41.95,1695786807,4866825,30,150,120.75,,125.95,,,
2023-09-27 09:23:28.816313,tf,NFO,59198,121.35,-41.71,1695786808,,,,,,,,,
2023-09-27 09:23:29.891372,tf,NFO,59198,121.65,-41.57,1695786809,4874175,225,150,121.45,121.65,,,,
2023-09-27 09:23:30.816893,tf,NFO,59198,121.75,-41.52,1695786810,,,,,,,,,
2023-09-27 09:23:31.087715,tf,NFO,59198,121.55,-41.62,1695786810,4875945,60,195,121.60,121.80,,,,
2023-09-27 09:23:31.817552,tf,NFO,59198,121.40,-41.69,1695786811,,,,,,,,,
2023-09-27 09:23:32.817838,tf,NFO,59198,121.00,-41.88,1695786812,,,,,,,,,
2023-09-27 09:23:33.094849,tf,NFO,59198,121.25,-41.76,1695786812,4886325,150,15,121.10,121.25,,,,
2023-09-27 09:23:33.818964,tf,NFO,59198,121.15,-41.81,1695786813,,,,,,,,,
2023-09-27 09:23:34.293296,tf,NFO,59198,121.25,-41.76,1695786814,4892100,90,555,,121.35,125.93,,,
2023-09-27 09:23:34.820368,tf,NFO,59198,120.55,-42.10,1695786814,,,,,,,,,
2023-09-27 09:23:35.295588,tf,NFO,59198,121.05,-41.86,1695786815,4899495,495,225,120.70,120.95,125.92,,,
2023-09-27 09:23:35.820340,tf,NFO,59198,121.10,-41.83,1695786815,,,,,,,,,
2023-09-27 09:23:36.297569,tf,NFO,59198,121.20,-41.79,1695786816,4901970,525,30,121.15,121.35,,,,
2023-09-27 09:23:36.822005,tf,NFO,59198,121.35,-41.71,1695786816,,,,,,,,,
2023-09-27 09:23:37.301558,tf,NFO,59198,121.80,-41.50,1695786817,4910460,45,165,121.55,121.70,125.91,,,
2023-09-27 09:23:37.822572,tf,NFO,59198,120.95,-41.91,1695786817,,,,,,,,,
2023-09-27 09:23:38.303848,tf,NFO,59198,121.20,-41.79,1695786818,4917330,135,75,121.15,121.20,,,,
2023-09-27 09:23:38.823451,tf,NFO,59198,121.80,-41.50,1695786818,,,,,,,,,
2023-09-27 09:23:39.501536,tf,NFO,59198,122.00,-41.40,1695786819,4919805,180,90,121.45,121.65,125.90,,,
2023-09-27 09:23:39.825252,tf,NFO,59198,121.55,-41.62,1695786819,,,,,,,,,
2023-09-27 09:23:39.901792,tf,NFO,59198,121.35,-41.71,1695786819,4921185,270,105,121.15,121.40,,,,
2023-09-27 09:23:40.825317,tf,NFO,59198,121.75,-41.52,1695786820,,,,,,,,,
2023-09-27 09:23:41.827210,tf,NFO,59198,121.70,-41.55,1695786821,,,,,,,,2838360,
2023-09-27 09:23:41.907853,tf,NFO,59198,121.80,-41.50,1695786821,4928820,195,30,121.80,121.85,,,,
2023-09-27 09:23:42.827242,tf,NFO,59198,121.50,-41.64,1695786822,,,,,,,,,
2023-09-27 09:23:42.909705,tf,NFO,59198,121.70,-41.55,1695786822,4932450,30,90,121.55,121.70,125.89,,,
2023-09-27 09:23:43.828027,tf,NFO,59198,121.50,-41.64,1695786823,,,,,,,,,
2023-09-27 09:23:43.908137,tf,NFO,59198,121.55,-41.62,1695786823,4935150,270,180,121.50,121.55,,,,
2023-09-27 09:23:44.827749,tf,NFO,59198,121.35,-41.71,1695786824,,,,,,,,,
2023-09-27 09:23:45.829321,tf,NFO,59198,121.50,-41.64,1695786825,,,,,,,,,
2023-09-27 09:23:45.916572,tf,NFO,59198,121.55,-41.62,1695786825,4942605,885,210,121.40,,125.88,,,
2023-09-27 09:23:46.829709,tf,NFO,59198,121.50,-41.64,1695786826,,,,,,,,,
2023-09-27 09:23:47.117044,tf,NFO,59198,121.25,-41.76,1695786827,4946790,1590,240,121.00,121.25,,,,
2023-09-27 09:23:47.831045,tf,NFO,59198,120.85,-41.95,1695786827,,,,,,,,,
2023-09-27 09:23:47.920332,tf,NFO,59198,121.00,-41.88,1695786827,4950825,90,30,120.90,121.00,,,,
2023-09-27 09:23:48.830751,tf,NFO,59198,121.25,-41.76,1695786828,,,,,,,,,
2023-09-27 09:23:48.922317,tf,NFO,59198,121.30,-41.74,1695786828,4953075,15,15,121.25,121.30,125.87,,,
2023-09-27 09:23:50.121655,tf,NFO,59198,120.85,-41.95,1695786830,4962450,30,240,120.90,121.05,,,,
2023-09-27 09:23:50.832118,tf,NFO,59198,121.45,-41.67,1695786830,,,,,,,,,
2023-09-27 09:23:51.833010,tf,NFO,59198,122.15,-41.33,1695786831,,,,,,,,,
2023-09-27 09:23:51.927439,tf,NFO,59198,122.25,-41.28,1695786831,4975395,810,165,122.00,122.20,125.85,,,
2023-09-27 09:23:52.832673,tf,NFO,59198,121.70,-41.55,1695786832,,,,,,,,,
2023-09-27 09:23:52.929170,tf,NFO,59198,121.95,-41.43,1695786832,4980660,75,75,121.75,121.95,,,,
2023-09-27 09:23:53.833221,tf,NFO,59198,122.55,-41.14,1695786833,,,,,,,,,
2023-09-27 09:23:53.927467,tf,NFO,59198,122.45,-41.19,1695786833,4985685,195,420,122.20,122.45,,,,
2023-09-27 09:23:54.834225,tf,NFO,59198,122.20,-41.31,1695786834,,,,,,,,,
2023-09-27 09:23:55.834710,tf,NFO,59198,121.90,-41.45,1695786835,,,,,,,,,
2023-09-27 09:23:55.932574,tf,NFO,59198,121.55,-41.62,1695786835,4993335,210,75,121.50,121.60,125.84,,,
2023-09-27 09:23:56.834402,tf,NFO,59198,121.10,-41.83,1695786836,,,,,,,,,
2023-09-27 09:23:57.129702,tf,NFO,59198,121.20,-41.79,1695786837,5001015,60,45,121.00,121.05,125.83,,,
2023-09-27 09:23:57.835037,tf,NFO,59198,120.65,-42.05,1695786837,,,,,,,,,
2023-09-27 09:23:58.135166,tf,NFO,59198,121.40,-41.69,1695786838,5005875,,90,121.25,121.40,,,,
2023-09-27 09:23:58.836457,tf,NFO,59198,121.10,-41.83,1695786838,,,,,,,,,
2023-09-27 09:23:59.334004,tf,NFO,59198,120.75,-42.00,1695786839,5013225,195,765,120.50,120.75,125.82,,,
2023-09-27 09:23:59.837307,tf,NFO,59198,120.50,-42.12,1695786839,,,,,,,,,
2023-09-27 09:24:00.338353,tf,NFO,59198,120.55,-42.10,1695786840,5016330,90,180,120.30,120.55,,,,
2023-09-27 09:24:00.837748,tf,NFO,59198,120.60,-42.07,1695786840,,,,,,,,,
2023-09-27 09:24:01.536987,tf,NFO,59198,119.65,-42.53,1695786841,5043255,75,240,119.60,119.75,125.79,,,
2023-09-27 09:24:01.936815,tf,NFO,59198,119.60,-42.56,1695786841,5049945,210,30,119.40,119.60,125.78,,,
2023-09-27 09:24:02.037340,tf,NFO,59198,119.75,-42.48,1695786841,,,,,,,,,
2023-09-27 09:24:02.838888,tf,NFO,59198,119.50,-42.60,1695786842,,,,,,,,,
2023-09-27 09:24:02.939242,tf,NFO,59198,119.60,-42.56,1695786842,5053410,195,,119.70,119.85,,,,
2023-09-27 09:24:03.839493,tf,NFO,59198,119.80,-42.46,1695786843,,,,,,,,,
2023-09-27 09:24:03.951865,tf,NFO,59198,119.85,-42.44,1695786843,5056965,300,330,119.60,,125.77,,,
2023-09-27 09:24:04.839508,tf,NFO,59198,120.20,-42.27,1695786844,,,,,,,,,
2023-09-27 09:24:05.142194,tf,NFO,59198,120.00,-42.36,1695786845,5062755,,45,119.70,119.95,125.76,,,
2023-09-27 09:24:06.145619,tf,NFO,59198,119.55,-42.58,1695786846,5065680,60,30,119.55,119.75,,,,
2023-09-27 09:24:06.840803,tf,NFO,59198,119.65,-42.53,1695786846,,,,,,,,,
2023-09-27 09:24:07.841300,tf,NFO,59198,118.70,-42.99,1695786847,,,,,,,,,
2023-09-27 09:24:08.350882,tf,NFO,59198,118.85,-42.92,1695786848,5081925,15,180,119.00,119.10,125.74,,,
2023-09-27 09:24:08.842349,tf,NFO,59198,119.00,-42.84,1695786848,,,,,,,,,
2023-09-27 09:24:09.550710,tf,NFO,59198,118.55,-43.06,1695786849,5088330,75,450,118.65,118.80,125.73,,,
2023-09-27 09:24:09.843113,tf,NFO,59198,118.65,-43.01,1695786849,,,,,,,,,
2023-09-27 09:24:09.949034,tf,NFO,59198,118.95,-42.87,1695786849,5090325,120,150,118.70,118.90,,,,
2023-09-27 09:24:10.843316,tf,NFO,59198,118.55,-43.06,1695786850,,,,,,,,,
2023-09-27 09:24:10.952000,tf,NFO,59198,118.35,-43.16,1695786850,5093280,150,885,118.35,118.55,125.72,,,
2023-09-27 09:24:11.843328,tf,NFO,59198,117.90,-43.37,1695786851,,,,,,,,,
2023-09-27 09:24:12.152193,tf,NFO,59198,117.75,-43.44,1695786852,5105760,15,135,117.55,117.70,125.71,,,
2023-09-27 09:24:12.843736,tf,NFO,59198,117.70,-43.47,1695786852,,,,,,,,,
2023-09-27 09:24:13.154634,tf,NFO,59198,118.00,-43.32,1695786853,5113110,165,630,117.80,118.00,125.69,,,
2023-09-27 09:24:13.844636,tf,NFO,59198,118.25,-43.20,1695786853,,,,,,,,,
2023-09-27 09:24:14.157328,tf,NFO,59198,118.05,-43.30,1695786854,5116605,15,255,117.95,118.10,,,,
2023-09-27 09:24:14.845101,tf,NFO,59198,118.30,-43.18,1695786854,,,,,,,,,
2023-09-27 09:24:15.159283,tf,NFO,59198,118.35,-43.16,1695786855,5120730,,180,118.40,118.45,125.68,,,
2023-09-27 09:24:15.845908,tf,NFO,59198,118.30,-43.18,1695786855,,,,,,,,,
2023-09-27 09:24:16.358020,tf,NFO,59198,118.50,-43.08,1695786856,5125815,,270,118.45,118.60,,,,
2023-09-27 09:24:16.846550,tf,NFO,59198,118.60,-43.04,1695786856,,,,,,,,,
2023-09-27 09:24:17.846743,tf,NFO,59198,118.25,-43.20,1695786857,,,,,,,,,
2023-09-27 09:24:18.560702,tf,NFO,59198,119.30,-42.70,1695786858,5135205,345,240,119.35,119.60,125.66,,,
2023-09-27 09:24:18.847367,tf,NFO,59198,119.85,-42.44,1695786858,,,,,,,,,
2023-09-27 09:24:18.960704,tf,NFO,59198,119.70,-42.51,1695786858,5140605,60,180,119.55,119.70,,,,
2023-09-27 09:24:19.848532,tf,NFO,59198,119.00,-42.84,1695786859,,,,,,,,,
2023-09-27 09:24:19.963867,tf,NFO,59198,119.20,-42.75,1695786859,5144520,,615,119.00,119.25,125.65,,,
2023-09-27 09:24:20.848155,tf,NFO,59198,120.05,-42.34,1695786860,,,,,,,,,
2023-09-27 09:24:20.966798,tf,NFO,59198,120.15,-42.29,1695786860,5147100,105,210,119.90,120.10,,,,
2023-09-27 09:24:21.848283,tf,NFO,59198,120.50,-42.12,1695786861,,,,,,,,,
2023-09-27 09:24:21.968245,tf,NFO,59198,120.60,-42.07,1695786861,5153970,405,30,120.55,120.75,125.64,,,
2023-09-27 09:24:22.848909,tf,NFO,59198,120.95,-41.91,1695786862,,,,,,,,,
2023-09-27 09:24:22.970059,tf,NFO,59198,120.75,-42.00,1695786862,5161005,255,240,120.75,120.95,125.63,,,
2023-09-27 09:24:23.849988,tf,NFO,59198,120.65,-42.05,1695786863,,,,,,,,,
2023-09-27 09:24:24.850836,tf,NFO,59198,120.95,-41.91,1695786864,,,,,,,,,
2023-09-27 09:24:24.974443,tf,NFO,59198,121.40,-41.69,1695786864,5173365,195,15,121.35,121.50,125.62,,,
2023-09-27 09:24:25.852282,tf,NFO,59198,121.10,-41.83,1695786865,,,,,,,,,
2023-09-27 09:24:25.975033,tf,NFO,59198,121.00,-41.88,1695786865,5178510,165,90,121.00,121.15,,,,
2023-09-27 09:24:26.852623,tf,NFO,59198,121.95,-41.43,1695786866,,,,,,,,,
2023-09-27 09:24:26.976628,tf,NFO,59198,121.40,-41.69,1695786866,5182800,570,45,121.25,121.40,125.61,,,
2023-09-27 09:24:28.854596,tf,NFO,59198,121.90,-41.45,1695786868,,,,,,,,,
2023-09-27 09:24:28.980392,tf,NFO,59198,121.65,-41.57,1695786868,5199165,240,135,121.45,121.70,125.60,,,
2023-09-27 09:24:29.856167,tf,NFO,59198,122.05,-41.38,1695786869,,,,,,,,,
2023-09-27 09:24:30.178984,tf,NFO,59198,122.55,-41.14,1695786870,5214780,60,390,122.50,122.75,125.59,,,
2023-09-27 09:24:30.856397,tf,NFO,59198,123.90,-40.49,1695786870,,,,,,,,,
2023-09-27 09:24:31.183634,tf,NFO,59198,123.25,-40.80,1695786871,5221305,75,240,123.10,123.30,,,,
2023-09-27 09:24:31.856360,tf,NFO,59198,123.30,-40.78,1695786871,,,,,,,,,
2023-09-27 09:24:32.381530,tf,NFO,59198,123.50,-40.68,1695786872,5228985,300,60,123.30,123.50,,,,
2023-09-27 09:24:32.857723,tf,NFO,59198,123.85,-40.51,1695786872,,,,,,,,,
2023-09-27 09:24:33.385786,tf,NFO,59198,123.15,-40.85,1695786873,5234985,525,135,123.00,123.25,125.58,,,
2023-09-27 09:24:33.859226,tf,NFO,59198,122.65,-41.09,1695786873,,,,,,,,,
2023-09-27 09:24:34.584466,tf,NFO,59198,123.20,-40.83,1695786874,5242590,30,285,123.15,123.30,,,,
2023-09-27 09:24:34.985582,tf,NFO,59198,123.85,-40.51,1695786874,5245020,45,75,123.90,124.10,,,,
2023-09-27 09:24:35.059327,tf,NFO,59198,123.80,-40.54,1695786874,,,,,,,,,
2023-09-27 09:24:35.860117,tf,NFO,59198,124.50,-40.20,1695786875,,,,,,,,,
2023-09-27 09:24:35.989061,tf,NFO,59198,124.60,-40.15,1695786875,5250135,90,240,124.35,124.55,,,,
2023-09-27 09:24:36.861199,tf,NFO,59198,124.20,-40.35,1695786876,,,,,,,,,
2023-09-27 09:24:36.992908,tf,NFO,59198,123.85,-40.51,1695786876,5254545,120,360,123.75,123.95,,,,
2023-09-27 09:24:37.861623,tf,NFO,59198,124.45,-40.23,1695786877,,,,,,,,,
2023-09-27 09:24:38.188872,tf,NFO,59198,123.25,-40.80,1695786878,5261085,90,30,123.20,123.25,125.57,,,
2023-09-27 09:24:38.862229,tf,NFO,59198,123.30,-40.78,1695786878,,,,,,,,,
2023-09-27 09:24:39.192528,tf,NFO,59198,123.50,-40.68,1695786879,5265120,120,105,123.45,123.65,,,,
2023-09-27 09:24:39.863974,tf,NFO,59198,124.45,-40.23,1695786879,,,,,,,,,
2023-09-27 09:24:40.197257,tf,NFO,59198,124.85,-40.03,1695786880,5283675,15,45,124.50,124.60,,,,
2023-09-27 09:24:40.864410,tf,NFO,59198,124.10,-40.39,1695786880,,,,,,,,,
2023-09-27 09:24:41.395895,tf,NFO,59198,124.15,-40.37,1695786881,5293065,225,60,124.15,124.35,125.56,,,
2023-09-27 09:24:41.865861,tf,NFO,59198,123.50,-40.68,1695786881,,,,,,,,,
2023-09-27 09:24:42.595101,tf,NFO,59198,122.90,-40.97,1695786882,5302470,15,45,122.90,123.00,,,,
2023-09-27 09:24:42.865946,tf,NFO,59198,123.00,-40.92,1695786882,,,,,,,,,
2023-09-27 09:24:42.996260,tf,NFO,59198,123.05,-40.90,1695786882,5304720,225,60,122.85,123.05,,,,
2023-09-27 09:24:43.866012,tf,NFO,59198,122.95,-40.95,1695786883,,,,,,,,,
2023-09-27 09:24:43.999963,tf,NFO,59198,122.55,-41.14,1695786883,5313225,120,30,122.55,122.70,,,,
2023-09-27 09:24:44.867709,tf,NFO,59198,122.00,-41.40,1695786884,,,,,,,,,
2023-09-27 09:24:45.002649,tf,NFO,59198,122.15,-41.33,1695786884,5318535,135,105,122.00,122.15,125.55,,,
2023-09-27 09:24:45.867800,tf,NFO,59198,122.20,-41.31,1695786885,,,,,,,,,
2023-09-27 09:24:46.201670,tf,NFO,59198,122.50,-41.16,1695786886,5324370,855,120,122.20,122.45,,,,
2023-09-27 09:24:46.869413,tf,NFO,59198,122.25,-41.28,1695786886,,,,,,,,,
2023-09-27 09:24:47.204008,tf,NFO,59198,122.55,-41.14,1695786887,5327550,375,60,122.40,122.55,,,,
2023-09-27 09:24:47.870729,tf,NFO,59198,121.85,-41.47,1695786887,,,,,,,,,
2023-09-27 09:24:48.207326,tf,NFO,59198,121.30,-41.74,1695786888,5334270,120,45,121.15,121.30,125.54,,,
2023-09-27 09:24:48.870785,tf,NFO,59198,120.75,-42.00,1695786888,,,,,,,,,
2023-09-27 09:24:49.211281,tf,NFO,59198,120.80,-41.98,1695786889,5339520,60,15,120.70,120.80,,,,
2023-09-27 09:24:49.871358,tf,NFO,59198,120.85,-41.95,1695786889,,,,,,,,,
2023-09-27 09:24:50.410713,tf,NFO,59198,120.00,-42.36,1695786890,5343870,5190,30,120.00,120.10,125.53,,,
2023-09-27 09:24:50.872960,tf,NFO,59198,120.25,-42.24,1695786890,,,,,,,,,
2023-09-27 09:24:51.609378,tf,NFO,59198,120.55,-42.10,1695786891,5353095,90,,120.40,120.60,125.52,,,
2023-09-27 09:24:52.010632,tf,NFO,59198,119.70,-42.51,1695786891,5354730,135,90,119.65,119.85,,,,
2023-09-27 09:24:52.071692,tf,NFO,59198,119.60,-42.56,1695786891,,,,,,,,,
2023-09-27 09:24:52.872644,tf,NFO,59198,120.15,-42.29,1695786892,,,,,,,,,
2023-09-27 09:24:53.013761,tf,NFO,59198,120.00,-42.36,1695786892,5367345,315,315,120.15,120.35,125.51,,,
2023-09-27 09:24:53.873178,tf,NFO,59198,119.95,-42.39,1695786893,,,,,,,,,
2023-09-27 09:24:54.018979,tf,NFO,59198,120.00,-42.36,1695786893,5373090,,,119.95,120.15,125.50,,,
2023-09-27 09:24:54.873602,tf,NFO,59198,119.95,-42.39,1695786894,,,,,,,,,
2023-09-27 09:24:55.219725,tf,NFO,59198,119.40,-42.65,1695786895,5376915,345,60,119.45,119.65,,,,
2023-09-27 09:24:55.873348,tf,NFO,59198,120.15,-42.29,1695786895,,,,,,,,,
2023-09-27 09:24:56.416943,tf,NFO,59198,120.05,-42.34,1695786896,5386125,,315,119.85,120.05,125.49,,,
2023-09-27 09:24:56.874979,tf,NFO,59198,119.80,-42.46,1695786896,,,,,,,,,
2023-09-27 09:24:57.423048,tf,NFO,59198,119.90,-42.41,1695786897,5388165,105,45,119.75,119.90,,,,
2023-09-27 09:24:57.874980,tf,NFO,59198,119.65,-42.53,1695786897,,,,,,,,,
2023-09-27 09:24:58.622727,tf,NFO,59198,119.75,-42.48,1695786898,5394900,255,165,119.60,119.75,125.48,,,
2023-09-27 09:24:58.876411,tf,NFO,59198,119.30,-42.70,1695786898,,,,,,,,,
2023-09-27 09:24:59.876489,tf,NFO,59198,118.20,-43.23,1695786899,,,,,,,,,
2023-09-27 09:25:00.024197,tf,NFO,59198,118.00,-43.32,1695786899,5422215,2925,480,118.00,118.05,125.45,,,
2023-09-27 09:25:00.877235,tf,NFO,59198,117.35,-43.64,1695786900,,,,,,,,,
2023-09-27 09:25:01.030641,tf,NFO,59198,117.50,-43.56,1695786900,5438115,300,15,117.35,117.55,125.42,,,
2023-09-27 09:25:01.878533,tf,NFO,59198,118.20,-43.23,1695786901,,,,,,,,,
2023-09-27 09:25:02.229882,tf,NFO,59198,118.40,-43.13,1695786902,5452170,90,75,118.15,118.30,125.41,,,
2023-09-27 09:25:02.878729,tf,NFO,59198,118.60,-43.04,1695786902,,,,,,,,,
2023-09-27 09:25:03.233582,tf,NFO,59198,119.60,-42.56,1695786903,5459205,60,180,119.50,119.65,125.40,,,
2023-09-27 09:25:03.878808,tf,NFO,59198,118.15,-43.25,1695786903,,,,,,,,,
2023-09-27 09:25:04.434367,tf,NFO,59198,117.25,-43.68,1695786904,5463870,30,375,117.10,117.30,125.39,,,
2023-09-27 09:25:04.879647,tf,NFO,59198,117.45,-43.59,1695786904,,,,,,,,,
2023-09-27 09:25:05.636485,tf,NFO,59198,116.85,-43.88,1695786905,5472360,240,75,116.75,117.05,125.38,,,
2023-09-27 09:25:05.878912,tf,NFO,59198,116.75,-43.92,1695786905,,,,,,,,,
2023-09-27 09:25:06.036108,tf,NFO,59198,117.00,-43.80,1695786905,5475945,30,240,117.00,117.15,125.37,,,
2023-09-27 09:25:07.039519,tf,NFO,59198,117.60,-43.52,1695786906,5482845,60,30,117.35,117.55,125.36,,,
2023-09-27 09:25:07.079157,tf,NFO,59198,117.40,-43.61,1695786906,,,,,,,,,
2023-09-27 09:25:07.880692,tf,NFO,59198,117.15,-43.73,1695786907,,,,,,,,,
2023-09-27 09:25:08.237619,tf,NFO,59198,117.90,-43.37,1695786908,5488545,30,165,117.80,117.95,125.35,,,
2023-09-27 09:25:08.881248,tf,NFO,59198,117.65,-43.49,1695786908,,,,,,,,,
2023-09-27 09:25:09.438194,tf,NFO,59198,117.80,-43.42,1695786909,5493060,345,255,117.75,,,,,
2023-09-27 09:25:09.881808,tf,NFO,59198,118.00,-43.32,1695786909,,,,,,,,,
2023-09-27 09:25:10.444051,tf,NFO,59198,118.55,-43.06,1695786910,5503950,135,150,118.40,118.60,125.33,,,
2023-09-27 09:25:11.642922,tf,NFO,59198,120.25,-42.24,1695786911,5511690,180,90,120.05,120.25,125.32,,,
2023-09-27 09:25:11.883427,tf,NFO,59198,120.40,-42.17,1695786911,,,,,,,,,
2023-09-27 09:25:12.042847,tf,NFO,59198,119.80,-42.46,1695786911,5512830,75,345,119.70,119.85,,,,
2023-09-27 09:25:12.885050,tf,NFO,59198,119.90,-42.41,1695786912,,,,,,,,,
2023-09-27 09:25:13.045299,tf,NFO,59198,120.00,-42.36,1695786912,5516550,90,15,119.90,120.00,,,,
2023-09-27 09:25:13.885254,tf,NFO,59198,119.90,-42.41,1695786913,,,,,,,,,
2023-09-27 09:25:14.050011,tf,NFO,59198,119.50,-42.60,1695786913,5520030,,180,119.50,119.70,,,,
2023-09-27 09:25:14.887213,tf,NFO,59198,119.00,-42.84,1695786914,,,,,,,,,
2023-09-27 09:25:15.247840,tf,NFO,59198,118.60,-43.04,1695786915,5522745,300,90,118.40,118.60,125.31,,,
2023-09-27 09:25:15.886985,tf,NFO,59198,118.45,-43.11,1695786915,,,,,,,,,
2023-09-27 09:25:16.255343,tf,NFO,59198,118.10,-43.28,1695786916,5525640,30,180,118.15,118.30,,,,
2023-09-27 09:25:16.888811,tf,NFO,59198,117.80,-43.42,1695786916,,,,,,,,,
2023-09-27 09:25:17.454912,tf,NFO,59198,118.90,-42.89,1695786917,5530890,300,900,118.65,118.95,125.30,,,
2023-09-27 09:25:17.889361,tf,NFO,59198,118.75,-42.96,1695786917,,,,,,,,,
2023-09-27 09:25:18.653352,tf,NFO,59198,119.50,-42.60,1695786918,5535210,45,270,119.20,119.40,,,,
2023-09-27 09:25:18.890290,tf,NFO,59198,119.15,-42.77,1695786918,,,,,,,,,
2023-09-27 09:25:19.054517,tf,NFO,59198,118.75,-42.96,1695786918,5536320,315,60,118.70,118.90,,,,
2023-09-27 09:25:19.891005,tf,NFO,59198,119.10,-42.80,1695786919,,,,,,,,,
2023-09-27 09:25:20.059636,tf,NFO,59198,119.20,-42.75,1695786919,5539050,210,615,119.10,119.35,125.29,,,
2023-09-27 09:25:20.892346,tf,NFO,59198,118.80,-42.94,1695786920,,,,,,,,,
2023-09-27 09:25:21.258522,tf,NFO,59198,119.35,-42.68,1695786921,5545515,225,90,119.15,,,,,
2023-09-27 09:25:22.092040,tf,NFO,59198,119.00,-42.84,1695786921,,,,,,,,,
2023-09-27 09:25:22.263322,tf,NFO,59198,118.90,-42.89,1695786922,5549235,,105,118.80,118.85,125.28,,,
2023-09-27 09:25:22.892840,tf,NFO,59198,119.15,-42.77,1695786922,,,,,,,,,
2023-09-27 09:25:23.462913,tf,NFO,59198,119.95,-42.39,1695786923,5554890,180,135,119.85,119.95,,,,
2023-09-27 09:25:23.893997,tf,NFO,59198,119.60,-42.56,1695786923,,,,,,,,,
2023-09-27 09:25:24.468062,tf,NFO,59198,119.20,-42.75,1695786924,5557890,15,15,119.10,119.20,125.27,,,
2023-09-27 09:25:24.894865,tf,NFO,59198,119.10,-42.80,1695786924,,,,,,,,,
2023-09-27 09:25:25.666915,tf,NFO,59198,119.00,-42.84,1695786925,5562540,210,105,119.00,119.15,,,,
2023-09-27 09:25:25.908605,tf,NFO,59198,118.75,-42.96,1695786925,,,,,,,,,
2023-09-27 09:25:26.896565,tf,NFO,59198,119.50,-42.60,1695786926,,,,,,,,,
2023-09-27 09:25:27.072686,tf,NFO,59198,119.60,-42.56,1695786926,5566995,75,,119.40,119.55,125.26,,,
2023-09-27 09:25:27.908185,tf,NFO,59198,119.85,-42.44,1695786927,,,,,,,,,
2023-09-27 09:25:28.271731,tf,NFO,59198,119.00,-42.84,1695786928,5571990,90,165,119.00,119.15,,,,
2023-09-27 09:25:28.898148,tf,NFO,59198,118.55,-43.06,1695786928,,,,,,,,,
2023-09-27 09:25:29.275508,tf,NFO,59198,118.70,-42.99,1695786929,5574315,570,75,118.50,118.70,125.25,,,
2023-09-27 09:25:29.899330,tf,NFO,59198,118.80,-42.94,1695786929,,,,,,,,,
2023-09-27 09:25:30.474612,tf,NFO,59198,118.20,-43.23,1695786930,5578950,45,45,118.15,118.30,,,,
2023-09-27 09:25:30.898257,tf,NFO,59198,118.00,-43.32,1695786930,,,,,,,,,
2023-09-27 09:25:31.479423,tf,NFO,59198,119.40,-42.65,1695786931,5583975,210,105,119.25,119.45,125.24,,,
2023-09-27 09:25:31.903702,tf,NFO,59198,119.15,-42.77,1695786931,,,,,,,,,
2023-09-27 09:25:32.679516,tf,NFO,59198,119.40,-42.65,1695786932,5587035,255,360,,119.40,,,,
2023-09-27 09:25:32.901051,tf,NFO,59198,119.30,-42.70,1695786932,,,,,,,,,
2023-09-27 09:25:33.901662,tf,NFO,59198,119.70,-42.51,1695786933,,,,,,,,,
2023-09-27 09:25:34.082153,tf,NFO,59198,119.80,-42.46,1695786933,5589615,1035,60,119.55,119.80,,,,
2023-09-27 09:25:34.901928,tf,NFO,59198,119.70,-42.51,1695786934,,,,,,,,,
2023-09-27 09:25:35.085940,tf,NFO,59198,119.80,-42.46,1695786934,5591070,150,540,119.65,119.90,,,,
2023-09-27 09:25:35.902922,tf,NFO,59198,120.00,-42.36,1695786935,,,,,,,,,
2023-09-27 09:25:36.090069,tf,NFO,59198,120.10,-42.32,1695786935,5600430,60,150,120.05,120.25,125.23,,,
2023-09-27 09:25:36.902765,tf,NFO,59198,120.20,-42.27,1695786936,,,,,,,,,
2023-09-27 09:25:37.903444,tf,NFO,59198,120.55,-42.10,1695786937,,,,,,,,,
2023-09-27 09:25:38.292979,tf,NFO,59198,120.85,-41.95,1695786938,5606700,135,60,120.65,120.80,,,,
2023-09-27 09:25:38.904123,tf,NFO,59198,120.75,-42.00,1695786938,,,,,,,,,
2023-09-27 09:25:39.912961,tf,NFO,59198,121.50,-41.64,1695786939,,,,,,,,,
2023-09-27 09:25:40.493745,tf,NFO,59198,121.60,-41.59,1695786940,5615535,165,135,121.45,121.60,125.21,,,
2023-09-27 09:25:40.905986,tf,NFO,59198,121.65,-41.57,1695786940,,,,,,,,,
2023-09-27 09:25:41.496483,tf,NFO,59198,121.40,-41.69,1695786941,5620620,135,465,121.35,,,,,
2023-09-27 09:25:41.908257,tf,NFO,59198,121.45,-41.67,1695786941,,,,,,,,,
2023-09-27 09:25:42.500597,tf,NFO,59198,121.35,-41.71,1695786942,5622135,45,585,121.10,121.35,,,,
2023-09-27 09:25:43.106155,tf,NFO,59198,120.35,-42.20,1695786943,,,,,,,,,
2023-09-27 09:25:43.504330,tf,NFO,59198,120.30,-42.22,1695786943,5629875,15,510,120.15,120.30,125.20,,,
2023-09-27 09:25:43.906537,tf,NFO,59198,120.10,-42.32,1695786943,,,,,,,,,
2023-09-27 09:25:44.700401,tf,NFO,59198,120.40,-42.17,1695786944,5634015,225,45,120.20,120.40,,,,
2023-09-27 09:25:44.907234,tf,NFO,59198,120.60,-42.07,1695786944,,,,,,,,,
2023-09-27 09:25:45.103304,tf,NFO,59198,120.25,-42.24,1695786945,5634750,165,15,120.05,120.25,,,,
2023-09-27 09:25:46.108949,tf,NFO,59198,119.95,-42.39,1695786946,5644950,15,,119.95,120.00,125.19,,,
2023-09-27 09:25:46.907951,tf,NFO,59198,120.35,-42.20,1695786946,,,,,,,,,
2023-09-27 09:25:47.105974,tf,NFO,59198,120.50,-42.12,1695786947,5665605,120,75,120.40,120.55,125.17,,,
2023-09-27 09:25:47.907611,tf,NFO,59198,120.40,-42.17,1695786947,,,,,,,,,
2023-09-27 09:25:48.909288,tf,NFO,59198,120.00,-42.36,1695786948,,,,,,,,,
2023-09-27 09:25:49.113164,tf,NFO,59198,120.15,-42.29,1695786949,5675490,90,195,120.00,120.20,125.16,,,
2023-09-27 09:25:49.910509,tf,NFO,59198,120.95,-41.91,1695786949,,,,,,,,,
2023-09-27 09:25:50.110369,tf,NFO,59198,121.35,-41.71,1695786950,5681010,225,60,121.15,121.35,,,,
2023-09-27 09:25:50.909316,tf,NFO,59198,121.15,-41.81,1695786950,,,,,,,,,
2023-09-27 09:25:51.110064,tf,NFO,59198,121.30,-41.74,1695786951,5682990,75,15,121.20,,,,,
2023-09-27 09:25:51.914146,tf,NFO,59198,121.45,-41.67,1695786951,,,,,,,,,
2023-09-27 09:25:52.543233,tf,NFO,59198,121.15,-41.81,1695786952,5685195,15,90,120.95,121.15,,,,
2023-09-27 09:25:52.910849,tf,NFO,59198,122.10,-41.35,1695786952,,,,,,,,,
2023-09-27 09:25:53.113567,tf,NFO,59198,122.15,-41.33,1695786953,5692650,135,180,122.05,122.25,125.15,,,
2023-09-27 09:25:53.910574,tf,NFO,59198,122.30,-41.26,1695786953,,,,,,,,,
2023-09-27 09:25:54.911948,tf,NFO,59198,122.40,-41.21,1695786954,,,,,,,,,
2023-09-27 09:25:55.317186,tf,NFO,59198,122.15,-41.33,1695786955,5702685,150,45,122.25,122.45,,,,
2023-09-27 09:25:55.917262,tf,NFO,59198,122.75,-41.04,1695786955,,,,,,,,,
2023-09-27 09:25:56.321649,tf,NFO,59198,122.95,-40.95,1695786956,5706360,,1905,122.90,123.00,,,,
2023-09-27 09:25:56.913198,tf,NFO,59198,122.90,-40.97,1695786956,,,,,,,,,
2023-09-27 09:25:57.324252,tf,NFO,59198,123.10,-40.87,1695786957,5715765,180,30,123.10,123.30,125.14,,,
2023-09-27 09:25:57.913772,tf,NFO,59198,123.90,-40.49,1695786957,,,,,,,,,
2023-09-27 09:25:58.521610,tf,NFO,59198,124.40,-40.25,1695786958,5725725,60,285,124.15,124.40,,,,
2023-09-27 09:25:58.914617,tf,NFO,59198,124.35,-40.27,1695786958,,,,,,,,,
2023-09-27 09:25:59.525663,tf,NFO,59198,123.60,-40.63,1695786959,5731980,,90,123.50,123.60,,,,
2023-09-27 09:25:59.920829,tf,NFO,59198,123.70,-40.59,1695786959,,,,,,,,,
2023-09-27 09:26:00.526529,tf,NFO,59198,123.65,-40.61,1695786960,5754990,15,60,,123.65,125.13,,,
2023-09-27 09:26:00.916763,tf,NFO,59198,123.45,-40.71,1695786960,,,,,,,,,
2023-09-27 09:26:01.724979,tf,NFO,59198,124.20,-40.35,1695786961,5775210,90,225,124.00,124.20,,,,
2023-09-27 09:26:02.126898,tf,NFO,59198,123.80,-40.54,1695786962,5775810,60,255,123.65,123.85,,,,
2023-09-27 09:26:03.917896,tf,NFO,59198,124.20,-40.35,1695786963,,,,,,,,,
2023-09-27 09:26:04.918824,tf,NFO,59198,123.85,-40.51,1695786964,,,,,,,,,
2023-09-27 09:26:05.132282,tf,NFO,59198,123.40,-40.73,1695786965,5803185,30,330,123.35,123.60,125.12,,,
2023-09-27 09:26:05.919749,tf,NFO,59198,123.65,-40.61,1695786965,,,,,,,,,
2023-09-27 09:26:06.133964,tf,NFO,59198,123.05,-40.90,1695786966,5821335,45,240,123.05,123.30,,,,
2023-09-27 09:26:06.921284,tf,NFO,59198,123.25,-40.80,1695786966,,,,,,,,,
2023-09-27 09:26:07.137486,tf,NFO,59198,123.35,-40.75,1695786967,5825280,30,90,123.35,123.40,,,,
2023-09-27 09:26:07.920892,tf,NFO,59198,123.75,-40.56,1695786967,,,,,,,,,
2023-09-27 09:26:08.139653,tf,NFO,59198,123.55,-40.66,1695786968,5830995,315,105,123.45,123.70,,,,
2023-09-27 09:26:08.922617,tf,NFO,59198,123.95,-40.47,1695786968,,,,,,,,,
2023-09-27 09:26:09.926565,tf,NFO,59198,124.35,-40.27,1695786969,,,,,,,,,
2023-09-27 09:26:10.341381,tf,NFO,59198,124.60,-40.15,1695786970,5851125,90,75,124.35,124.55,,,,
2023-09-27 09:26:10.924483,tf,NFO,59198,124.80,-40.06,1695786970,,,,,,,,,
2023-09-27 09:26:11.344743,tf,NFO,59198,124.85,-40.03,1695786971,5857575,15,195,124.70,124.90,,,,
2023-09-27 09:26:11.925392,tf,NFO,59198,124.90,-40.01,1695786971,,,,,,,,,
2023-09-27 09:26:12.543517,tf,NFO,59198,124.80,-40.06,1695786972,5867625,135,165,124.55,124.85,,,,
2023-09-27 09:26:12.925448,tf,NFO,59198,124.10,-40.39,1695786972,,,,,,,,,
2023-09-27 09:26:13.547256,tf,NFO,59198,123.65,-40.61,1695786973,5874555,,60,123.75,123.95,,,,
2023-09-27 09:26:13.926801,tf,NFO,59198,124.25,-40.32,1695786973,,,,,,,,,
2023-09-27 09:26:14.744662,tf,NFO,59198,124.40,-40.25,1695786974,5882040,165,45,124.40,124.60,,,,
2023-09-27 09:26:15.927005,tf,NFO,59198,124.45,-40.23,1695786975,,,,,,,,,
2023-09-27 09:26:16.148734,tf,NFO,59198,124.40,-40.25,1695786976,5895210,300,15,124.45,124.60,,,,
2023-09-27 09:26:16.928038,tf,NFO,59198,124.45,-40.23,1695786976,,,,,,,,,
2023-09-27 09:26:17.149893,tf,NFO,59198,124.60,-40.15,1695786977,5904315,75,90,,,,,,
2023-09-27 09:26:17.929662,tf,NFO,59198,123.60,-40.63,1695786977,,,,,,,,,
2023-09-27 09:26:18.152902,tf,NFO,59198,123.50,-40.68,1695786978,5913165,270,165,123.50,123.75,,,,
2023-09-27 09:26:18.930128,tf,NFO,59198,123.30,-40.78,1695786978,,,,,,,,,
2023-09-27 09:26:19.155297,tf,NFO,59198,123.20,-40.83,1695786979,5923410,45,15,123.20,123.25,125.10,,,
2023-09-27 09:26:19.930473,tf,NFO,59198,123.75,-40.56,1695786979,,,,,,,,,
2023-09-27 09:26:20.352980,tf,NFO,59198,123.95,-40.47,1695786980,5938080,435,105,123.80,124.05,,,,
2023-09-27 09:26:20.931827,tf,NFO,59198,123.85,-40.51,1695786980,,,,,,,,,
2023-09-27 09:26:21.940720,tf,NFO,59198,123.10,-40.87,1695786981,,,,,,,,,
2023-09-27 09:26:22.356210,tf,NFO,59198,123.00,-40.92,1695786982,5955315,30,150,123.00,123.15,,,,
2023-09-27 09:26:22.932725,tf,NFO,59198,121.90,-41.45,1695786982,,,,,,,,,
2023-09-27 09:26:23.358882,tf,NFO,59198,121.65,-41.57,1695786983,5961825,15,210,121.65,121.80,125.09,,,
2023-09-27 09:26:23.932734,tf,NFO,59198,122.15,-41.33,1695786983,,,,,,,,,
2023-09-27 09:26:24.360059,tf,NFO,59198,122.20,-41.31,1695786984,5966220,120,540,121.95,122.20,,,,
2023-09-27 09:26:24.933888,tf,NFO,59198,121.65,-41.57,1695786984,,,,,,,,,
2023-09-27 09:26:25.936401,tf,NFO,59198,121.20,-41.79,1695786985,,,,,,,,,
2023-09-27 09:26:26.365938,tf,NFO,59198,122.20,-41.31,1695786986,5989230,360,150,121.90,122.15,125.08,,,
2023-09-27 09:26:27.134872,tf,NFO,59198,121.95,-41.43,1695786987,,,,,,,,,
2023-09-27 09:26:27.368144,tf,NFO,59198,121.65,-41.57,1695786987,5990790,255,195,121.70,121.85,,,,
2023-09-27 09:26:27.935409,tf,NFO,59198,121.45,-41.67,1695786987,,,,,,,,,
2023-09-27 09:26:28.935389,tf,NFO,59198,121.20,-41.79,1695786988,,,,,,,,,
2023-09-27 09:26:29.571594,tf,NFO,59198,121.55,-41.62,1695786989,6002910,90,195,,121.50,,,,
2023-09-27 09:26:29.936458,tf,NFO,59198,121.45,-41.67,1695786989,,,,,,,,,
2023-09-27 09:26:30.770752,tf,NFO,59198,121.10,-41.83,1695786990,6006570,60,105,121.10,121.25,,,,
2023-09-27 09:26:30.937060,tf,NFO,59198,121.25,-41.76,1695786990,,,,,,,,,
2023-09-27 09:26:31.169957,tf,NFO,59198,121.30,-41.74,1695786991,6007200,105,,121.25,121.35,,,,
2023-09-27 09:26:31.937655,tf,NFO,59198,121.35,-41.71,1695786991,,,,,,,,,
2023-09-27 09:26:32.171410,tf,NFO,59198,121.90,-41.45,1695786992,6011595,345,,121.70,121.90,125.06,,,
2023-09-27 09:26:32.937436,tf,NFO,59198,122.75,-41.04,1695786992,,,,,,,,,
2023-09-27 09:26:33.938122,tf,NFO,59198,123.00,-40.92,1695786993,,,,,,,,,
2023-09-27 09:26:34.173402,tf,NFO,59198,123.65,-40.61,1695786994,6018675,,120,123.60,123.80,,,,
2023-09-27 09:26:34.937902,tf,NFO,59198,124.00,-40.44,1695786994,,,,,,,,,
2023-09-27 09:26:35.174810,tf,NFO,59198,124.20,-40.35,1695786995,6023295,285,15,124.00,124.20,,,,
2023-09-27 09:26:35.939719,tf,NFO,59198,123.70,-40.59,1695786995,,,,,,,,,
2023-09-27 09:26:36.939605,tf,NFO,59198,123.55,-40.66,1695786996,,,,,,,,,
2023-09-27 09:26:37.177776,tf,NFO,59198,123.25,-40.80,1695786997,6027510,240,555,123.15,123.40,,,,
2023-09-27 09:26:37.940437,tf,NFO,59198,122.55,-41.14,1695786997,,,,,,,,,
2023-09-27 09:26:38.180046,tf,NFO,59198,122.20,-41.31,1695786998,6032055,15,135,122.10,122.25,,,,
2023-09-27 09:26:38.940262,tf,NFO,59198,122.60,-41.11,1695786998,,,,,,,,,
2023-09-27 09:26:39.182639,tf,NFO,59198,122.70,-41.07,1695786999,6034665,135,270,122.70,122.95,,,,
2023-09-27 09:26:40.185515,tf,NFO,59198,122.55,-41.14,1695787000,6036015,75,240,122.45,122.65,,,,
2023-09-27 09:26:40.940633,tf,NFO,59198,122.45,-41.19,1695787000,,,,,,,,,
2023-09-27 09:26:41.186403,tf,NFO,59198,122.30,-41.26,1695787001,6037980,30,60,122.25,122.40,,,,
2023-09-27 09:26:41.942009,tf,NFO,59198,122.65,-41.09,1695787001,,,,,,,,2935230,
2023-09-27 09:26:42.185049,tf,NFO,59198,122.60,-41.11,1695787002,6040305,105,330,122.50,122.60,125.05,,,
2023-09-27 09:26:42.941478,tf,NFO,59198,122.30,-41.26,1695787002,,,,,,,,,
2023-09-27 09:26:43.190745,tf,NFO,59198,122.60,-41.11,1695787003,6040815,375,15,122.40,122.55,,,,
2023-09-27 09:26:43.941889,tf,NFO,59198,123.35,-40.75,1695787003,,,,,,,,,
2023-09-27 09:26:44.190264,tf,NFO,59198,123.50,-40.68,1695787004,6044595,30,285,123.25,123.50,,,,
2023-09-27 09:26:44.941982,tf,NFO,59198,123.70,-40.59,1695787004,,,,,,,,,
2023-09-27 09:26:45.190485,tf,NFO,59198,123.30,-40.78,1695787005,6047250,270,270,123.40,123.65,,,,
2023-09-27 09:26:45.943091,tf,NFO,59198,123.10,-40.87,1695787005,,,,,,,,,
2023-09-27 09:26:46.394063,tf,NFO,59198,122.55,-41.14,1695787006,6051975,60,75,122.55,122.80,,,,
2023-09-27 09:26:47.397656,tf,NFO,59198,122.95,-40.95,1695787007,6053085,120,240,122.75,123.00,,,,
2023-09-27 09:26:47.944005,tf,NFO,59198,123.30,-40.78,1695787007,,,,,,,,,
2023-09-27 09:26:48.595376,tf,NFO,59198,123.40,-40.73,1695787008,6058155,45,45,123.20,123.40,,,,
2023-09-27 09:26:48.944432,tf,NFO,59198,123.25,-40.80,1695787008,,,,,,,,,
2023-09-27 09:26:49.600076,tf,NFO,59198,123.30,-40.78,1695787009,6060195,225,195,123.10,123.30,,,,
2023-09-27 09:26:49.944945,tf,NFO,59198,122.80,-41.02,1695787009,,,,,,,,,
2023-09-27 09:26:50.604511,tf,NFO,59198,123.10,-40.87,1695787010,6064740,90,465,123.05,,,,,
2023-09-27 09:26:50.945628,tf,NFO,59198,123.25,-40.80,1695787010,,,,,,,,,
2023-09-27 09:26:51.202615,tf,NFO,59198,123.00,-40.92,1695787011,6066405,165,315,,,,,,
2023-09-27 09:26:51.947534,tf,NFO,59198,122.60,-41.11,1695787011,,,,,,,,,
2023-09-27 09:26:52.946428,tf,NFO,59198,123.05,-40.90,1695787012,,,,,,,,,
2023-09-27 09:26:53.405207,tf,NFO,59198,123.50,-40.68,1695787013,6075315,525,180,123.40,123.65,125.04,,,
2023-09-27 09:26:54.407688,tf,NFO,59198,123.30,-40.78,1695787014,6078180,30,435,123.25,123.45,,,,
2023-09-27 09:26:54.947328,tf,NFO,59198,123.85,-40.51,1695787014,,,,,,,,,
2023-09-27 09:26:55.947790,tf,NFO,59198,123.70,-40.59,1695787015,,,,,,,,,
2023-09-27 09:26:56.411762,tf,NFO,59198,123.75,-40.56,1695787016,6084045,45,,123.55,123.70,,,,
2023-09-27 09:26:56.948507,tf,NFO,59198,123.95,-40.47,1695787016,,,,,,,,,
2023-09-27 09:26:57.414671,tf,NFO,59198,123.90,-40.49,1695787017,6097425,300,240,123.75,124.00,,,,
2023-09-27 09:26:57.948901,tf,NFO,59198,123.30,-40.78,1695787017,,,,,,,,,
2023-09-27 09:26:58.416468,tf,NFO,59198,123.60,-40.63,1695787018,6102525,345,210,123.35,123.60,,,,
2023-09-27 09:26:58.949374,tf,NFO,59198,123.65,-40.61,1695787018,,,,,,,,,
2023-09-27 09:26:59.416397,tf,NFO,59198,123.45,-40.71,1695787019,6104760,180,195,123.50,123.65,,,,
2023-09-27 09:26:59.950308,tf,NFO,59198,123.95,-40.47,1695787019,,,,,,,,,
2023-09-27 09:27:00.617936,tf,NFO,59198,123.50,-40.68,1695787020,6108855,60,30,123.45,123.55,,,,
2023-09-27 09:27:01.621246,tf,NFO,59198,123.70,-40.59,1695787021,6115005,90,240,123.70,123.80,,,,
2023-09-27 09:27:01.952139,tf,NFO,59198,123.85,-40.51,1695787021,,,,,,,,,
2023-09-27 09:27:02.623914,tf,NFO,59198,123.90,-40.49,1695787022,6116610,30,225,123.75,123.90,125.03,,,
2023-09-27 09:27:02.952648,tf,NFO,59198,123.95,-40.47,1695787022,,,,,,,,,
2023-09-27 09:27:03.222845,tf,NFO,59198,123.55,-40.66,1695787023,6117165,,900,123.65,123.70,,,,
2023-09-27 09:27:03.953781,tf,NFO,59198,123.05,-40.90,1695787023,,,,,,,,,
2023-09-27 09:27:04.219716,tf,NFO,59198,123.35,-40.75,1695787024,6125910,195,15,123.05,123.30,,,,
2023-09-27 09:27:04.953453,tf,NFO,59198,122.90,-40.97,1695787024,,,,,,,,,
2023-09-27 09:27:05.221535,tf,NFO,59198,122.95,-40.95,1695787025,6127785,15,45,122.80,122.95,,,,
2023-09-27 09:27:05.954039,tf,NFO,59198,123.30,-40.78,1695787025,,,,,,,,,
2023-09-27 09:27:06.226223,tf,NFO,59198,123.60,-40.63,1695787026,6134775,90,180,123.65,123.80,,,,
2023-09-27 09:27:06.955689,tf,NFO,59198,124.20,-40.35,1695787026,,,,,,,,,
2023-09-27 09:27:07.224863,tf,NFO,59198,123.90,-40.49,1695787027,6139755,60,60,123.90,124.05,,,,
2023-09-27 09:27:07.955321,tf,NFO,59198,124.30,-40.30,1695787027,,,,,,,,,
2023-09-27 09:27:08.226606,tf,NFO,59198,124.40,-40.25,1695787028,6142590,180,630,124.15,124.40,,,,
2023-09-27 09:27:08.956171,tf,NFO,59198,124.25,-40.32,1695787028,,,,,,,,,
2023-09-27 09:27:09.228682,tf,NFO,59198,124.50,-40.20,1695787029,6146970,75,390,124.35,124.45,,,,
2023-09-27 09:27:09.956618,tf,NFO,59198,124.35,-40.27,1695787029,,,,,,,,,
2023-09-27 09:27:10.230328,tf,NFO,59198,124.20,-40.35,1695787030,6149595,270,60,124.00,124.15,,,,
2023-09-27 09:27:10.956989,tf,NFO,59198,123.50,-40.68,1695787030,,,,,,,,,
2023-09-27 09:27:11.233015,tf,NFO,59198,123.20,-40.83,1695787031,6153990,330,210,123.20,123.45,,,,
2023-09-27 09:27:11.957717,tf,NFO,59198,123.95,-40.47,1695787031,,,,,,,,,
2023-09-27 09:27:12.235691,tf,NFO,59198,123.75,-40.56,1695787032,6155685,255,240,123.55,123.75,,,,
2023-09-27 09:27:12.958564,tf,NFO,59198,123.40,-40.73,1695787032,,,,,,,,,
2023-09-27 09:27:13.238720,tf,NFO,59198,123.05,-40.90,1695787033,6158805,120,255,123.05,123.30,,,,
2023-09-27 09:27:13.959091,tf,NFO,59198,123.75,-40.56,1695787033,,,,,,,,,
2023-09-27 09:27:14.239322,tf,NFO,59198,123.90,-40.49,1695787034,6161340,60,180,123.70,123.90,125.02,,,
2023-09-27 09:27:14.959573,tf,NFO,59198,124.30,-40.30,1695787034,,,,,,,,,
2023-09-27 09:27:15.239039,tf,NFO,59198,124.25,-40.32,1695787035,6169155,705,,124.00,124.20,,,,
2023-09-27 09:27:15.959782,tf,NFO,59198,124.70,-40.11,1695787035,,,,,,,,,
2023-09-27 09:27:16.239259,tf,NFO,59198,124.55,-40.18,1695787036,6171015,180,240,124.35,124.55,,,,
2023-09-27 09:27:16.960106,tf,NFO,59198,123.55,-40.66,1695787036,,,,,,,,,
2023-09-27 09:27:17.245808,tf,NFO,59198,123.30,-40.78,1695787037,6174045,,150,123.15,123.35,,,,
2023-09-27 09:27:17.960386,tf,NFO,59198,123.20,-40.83,1695787037,,,,,,,,,
2023-09-27 09:27:18.246823,tf,NFO,59198,123.15,-40.85,1695787038,6183150,75,45,123.05,123.15,,,,
2023-09-27 09:27:18.961517,tf,NFO,59198,123.55,-40.66,1695787038,,,,,,,,,
2023-09-27 09:27:19.247886,tf,NFO,59198,123.60,-40.63,1695787039,6185160,60,1095,123.65,123.95,,,,
2023-09-27 09:27:19.962121,tf,NFO,59198,124.40,-40.25,1695787039,,,,,,,,,
2023-09-27 09:27:20.245278,tf,NFO,59198,124.35,-40.27,1695787040,6186690,,480,124.10,124.30,,,,
2023-09-27 09:27:20.961968,tf,NFO,59198,124.80,-40.06,1695787040,,,,,,,,,
2023-09-27 09:27:21.247934,tf,NFO,59198,124.20,-40.35,1695787041,6214440,90,630,124.00,124.20,,,,
2023-09-27 09:27:22.249946,tf,NFO,59198,123.75,-40.56,1695787042,6219600,,165,123.75,123.90,,,,
2023-09-27 09:27:22.964155,tf,NFO,59198,123.45,-40.71,1695787042,,,,,,,,,
2023-09-27 09:27:23.252228,tf,NFO,59198,123.75,-40.56,1695787043,6223890,180,135,123.60,123.80,,,,
2023-09-27 09:27:24.453837,tf,NFO,59198,123.60,-40.63,1695787044,6226545,405,915,,,,,,
2023-09-27 09:27:24.964144,tf,NFO,59198,123.75,-40.56,1695787044,,,,,,,,,
2023-09-27 09:27:25.456079,tf,NFO,59198,123.50,-40.68,1695787045,6230340,435,60,123.50,123.70,,,,
2023-09-27 09:27:25.964617,tf,NFO,59198,123.75,-40.56,1695787045,,,,,,,,,
2023-09-27 09:27:26.457982,tf,NFO,59198,123.40,-40.73,1695787046,6232425,495,750,123.10,123.40,,,,
2023-09-27 09:27:26.964703,tf,NFO,59198,123.20,-40.83,1695787046,,,,,,,,,
2023-09-27 09:27:27.461744,tf,NFO,59198,123.30,-40.78,1695787047,6233085,270,600,,123.30,,,,
2023-09-27 09:27:27.964570,tf,NFO,59198,124.00,-40.44,1695787047,,,,,,,,,
2023-09-27 09:27:28.463022,tf,NFO,59198,123.70,-40.59,1695787048,6235890,30,525,123.75,123.95,,,,
2023-09-27 09:27:28.964780,tf,NFO,59198,123.65,-40.61,1695787048,,,,,,,,,
2023-09-27 09:27:29.462930,tf,NFO,59198,123.55,-40.66,1695787049,6236805,690,510,123.35,123.65,,,,
2023-09-27 09:27:29.966374,tf,NFO,59198,123.40,-40.73,1695787049,,,,,,,,,
2023-09-27 09:27:30.262537,tf,NFO,59198,123.30,-40.78,1695787050,6238965,360,135,123.05,123.25,125.01,,,
2023-09-27 09:27:30.966346,tf,NFO,59198,122.75,-41.04,1695787050,,,,,,,,,
2023-09-27 09:27:31.269026,tf,NFO,59198,122.65,-41.09,1695787051,6247395,240,150,122.70,122.90,,,,
2023-09-27 09:27:31.966834,tf,NFO,59198,122.50,-41.16,1695787051,,,,,,,,,
2023-09-27 09:27:32.265126,tf,NFO,59198,122.80,-41.02,1695787052,6251685,15,135,122.65,122.80,,,,
2023-09-27 09:27:32.966686,tf,NFO,59198,122.85,-40.99,1695787052,,,,,,,,,
2023-09-27 09:27:33.271986,tf,NFO,59198,123.30,-40.78,1695787053,6257850,75,60,123.30,123.50,,,,
2023-09-27 09:27:33.966901,tf,NFO,59198,123.60,-40.63,1695787053,,,,,,,,,
2023-09-27 09:27:34.473796,tf,NFO,59198,123.70,-40.59,1695787054,6259440,90,135,123.55,123.65,,,,
2023-09-27 09:27:34.967215,tf,NFO,59198,123.45,-40.71,1695787054,,,,,,,,,
2023-09-27 09:27:35.674951,tf,NFO,59198,123.60,-40.63,1695787055,6261795,195,45,123.65,123.90,,,,
2023-09-27 09:27:35.967594,tf,NFO,59198,123.65,-40.61,1695787055,,,,,,,,,
2023-09-27 09:27:36.677471,tf,NFO,59198,124.30,-40.30,1695787056,6267405,30,180,124.15,124.35,,,,
2023-09-27 09:27:37.679953,tf,NFO,59198,124.40,-40.25,1695787057,6271395,480,15,124.30,124.55,,,,
2023-09-27 09:27:37.969022,tf,NFO,59198,124.55,-40.18,1695787057,,,,,,,,,
2023-09-27 09:27:38.279159,tf,NFO,59198,124.50,-40.20,1695787058,6273615,150,30,124.55,124.70,,,,
2023-09-27 09:27:38.969366,tf,NFO,59198,124.95,-39.99,1695787058,,,,,,,,,
2023-09-27 09:27:39.276887,tf,NFO,59198,124.65,-40.13,1695787059,6278940,45,180,124.70,124.90,,,,
2023-09-27 09:27:39.969235,tf,NFO,59198,125.65,-39.65,1695787059,,,,,,,,,
2023-09-27 09:27:40.279324,tf,NFO,59198,126.60,-39.19,1695787060,6301095,135,255,126.40,126.60,,,,
2023-09-27 09:27:40.969285,tf,NFO,59198,127.30,-38.86,1695787060,,,,,,,,,
2023-09-27 09:27:41.281533,tf,NFO,59198,127.00,-39.00,1695787061,6313125,150,150,127.05,127.15,,,,
2023-09-27 09:27:41.970339,tf,NFO,59198,128.00,-38.52,1695787061,,,,,,,,,
2023-09-27 09:27:42.282939,tf,NFO,59198,127.40,-38.81,1695787062,6327900,120,15,127.30,127.40,125.02,,,
2023-09-27 09:27:42.969932,tf,NFO,59198,127.10,-38.95,1695787062,,,,,,,,,
2023-09-27 09:27:43.286201,tf,NFO,59198,127.40,-38.81,1695787063,6338520,1185,,127.40,127.65,,,,
2023-09-27 09:27:43.971106,tf,NFO,59198,126.65,-39.17,1695787063,,,,,,,,,
2023-09-27 09:27:44.287544,tf,NFO,59198,125.65,-39.65,1695787064,6344940,60,45,125.45,125.60,,,,
2023-09-27 09:27:45.288839,tf,NFO,59198,125.30,-39.82,1695787065,6354390,165,60,125.30,125.50,,,,
2023-09-27 09:27:45.971143,tf,NFO,59198,124.75,-40.08,1695787065,,,,,,,,,
2023-09-27 09:27:46.291609,tf,NFO,59198,124.95,-39.99,1695787066,6359760,285,195,124.90,125.15,,,,
2023-09-27 09:27:46.971761,tf,NFO,59198,125.40,-39.77,1695787066,,,,,,,,,
2023-09-27 09:27:47.294569,tf,NFO,59198,125.60,-39.67,1695787067,6364875,30,45,125.45,125.60,,,,
2023-09-27 09:27:47.972277,tf,NFO,59198,125.35,-39.79,1695787067,,,,,,,,,
2023-09-27 09:27:48.295480,tf,NFO,59198,125.05,-39.94,1695787068,6369060,45,,125.05,125.20,,,,
2023-09-27 09:27:48.972568,tf,NFO,59198,124.95,-39.99,1695787068,,,,,,,,,
2023-09-27 09:27:49.973756,tf,NFO,59198,124.85,-40.03,1695787069,,,,,,,,,
2023-09-27 09:27:50.495633,tf,NFO,59198,124.80,-40.06,1695787070,6376770,30,60,124.85,125.05,,,,
2023-09-27 09:27:50.973530,tf,NFO,59198,124.90,-40.01,1695787070,,,,,,,,,
2023-09-27 09:27:51.497728,tf,NFO,59198,124.70,-40.11,1695787071,6380295,15,30,124.55,124.65,,,,
2023-09-27 09:27:51.973460,tf,NFO,59198,124.45,-40.23,1695787071,,,,,,,,,
2023-09-27 09:27:52.974227,tf,NFO,59198,124.15,-40.37,1695787072,,,,,,,,,
2023-09-27 09:27:53.502579,tf,NFO,59198,124.00,-40.44,1695787073,6391215,210,30,123.90,124.00,,,,
2023-09-27 09:27:53.974238,tf,NFO,59198,123.80,-40.54,1695787073,,,,,,,,,
2023-09-27 09:27:54.700363,tf,NFO,59198,123.85,-40.51,1695787074,6397905,135,75,123.85,123.90,,,,
2023-09-27 09:27:54.976743,tf,NFO,59198,123.90,-40.49,1695787074,,,,,,,,,
2023-09-27 09:27:55.702442,tf,NFO,59198,125.65,-39.65,1695787075,6406755,255,90,125.60,125.80,,,,
2023-09-27 09:27:55.974963,tf,NFO,59198,126.10,-39.43,1695787075,,,,,,,,,
2023-09-27 09:27:56.705730,tf,NFO,59198,126.20,-39.39,1695787076,6415335,135,75,126.10,126.25,,,,
2023-09-27 09:27:56.975330,tf,NFO,59198,126.50,-39.24,1695787076,,,,,,,,,
2023-09-27 09:27:57.707720,tf,NFO,59198,126.40,-39.29,1695787077,6423840,30,,126.30,126.40,,,,
2023-09-27 09:27:57.975574,tf,NFO,59198,126.20,-39.39,1695787077,,,,,,,,,
2023-09-27 09:27:58.905382,tf,NFO,59198,125.75,-39.60,1695787078,6426630,150,195,125.60,125.80,,,,
2023-09-27 09:27:58.976450,tf,NFO,59198,125.60,-39.67,1695787078,,,,,,,,,
2023-09-27 09:27:59.304520,tf,NFO,59198,125.55,-39.70,1695787079,6428580,,30,125.50,125.55,,,,
2023-09-27 09:27:59.976537,tf,NFO,59198,125.30,-39.82,1695787079,,,,,,,,,
2023-09-27 09:28:00.306251,tf,NFO,59198,126.15,-39.41,1695787080,6433875,180,75,126.10,126.30,,,,
2023-09-27 09:28:00.976984,tf,NFO,59198,126.60,-39.19,1695787080,,,,,,,,,
2023-09-27 09:28:01.311180,tf,NFO,59198,126.55,-39.22,1695787081,6446220,330,,126.60,126.80,125.03,,,
2023-09-27 09:28:01.976881,tf,NFO,59198,126.65,-39.17,1695787081,,,,,,,,,
2023-09-27 09:28:02.314002,tf,NFO,59198,126.95,-39.02,1695787082,6447885,30,195,126.70,126.95,,,,
2023-09-27 09:28:02.977469,tf,NFO,59198,127.30,-38.86,1695787082,,,,,,,,,
2023-09-27 09:28:03.315521,tf,NFO,59198,126.95,-39.02,1695787083,6456150,,270,127.05,127.25,,,,
2023-09-27 09:28:03.977642,tf,NFO,59198,127.30,-38.86,1695787083,,,,,,,,,
2023-09-27 09:28:04.317309,tf,NFO,59198,126.95,-39.02,1695787084,6460440,105,150,126.80,126.95,,,,
2023-09-27 09:28:04.978189,tf,NFO,59198,126.15,-39.41,1695787084,,,,,,,,,
2023-09-27 09:28:05.317942,tf,NFO,59198,126.25,-39.36,1695787085,6469065,60,120,126.05,126.20,,,,
2023-09-27 09:28:05.978683,tf,NFO,59198,125.90,-39.53,1695787085,,,,,,,,,
2023-09-27 09:28:06.979621,tf,NFO,59198,125.30,-39.82,1695787086,,,,,,,,,
2023-09-27 09:28:07.315402,tf,NFO,59198,125.70,-39.63,1695787087,6476220,150,75,125.50,125.70,,,,
2023-09-27 09:28:07.980303,tf,NFO,59198,125.55,-39.70,1695787087,,,,,,,,,
2023-09-27 09:28:08.317023,tf,NFO,59198,125.25,-39.84,1695787088,6480345,30,90,125.25,125.45,,,,
2023-09-27 09:28:08.981364,tf,NFO,59198,125.60,-39.67,1695787088,,,,,,,,,
2023-09-27 09:28:09.319163,tf,NFO,59198,125.20,-39.87,1695787089,6486675,180,135,125.20,125.40,125.04,,,
2023-09-27 09:28:09.981590,tf,NFO,59198,125.45,-39.75,1695787089,,,,,,,,,
2023-09-27 09:28:10.320582,tf,NFO,59198,125.80,-39.58,1695787090,6489615,300,75,125.60,125.85,,,,
2023-09-27 09:28:10.982042,tf,NFO,59198,125.50,-39.72,1695787090,,,,,,,,,
2023-09-27 09:28:11.323889,tf,NFO,59198,125.95,-39.51,1695787091,6495120,120,150,126.00,126.20,,,,
2023-09-27 09:28:11.983330,tf,NFO,59198,125.90,-39.53,1695787091,,,,,,,,,
2023-09-27 09:28:12.326572,tf,NFO,59198,125.75,-39.60,1695787092,6499935,195,240,125.80,126.00,,,,
2023-09-27 09:28:12.983612,tf,NFO,59198,126.45,-39.27,1695787092,,,,,,,,,
2023-09-27 09:28:13.329573,tf,NFO,59198,126.30,-39.34,1695787093,6503025,90,60,126.50,126.70,,,,
2023-09-27 09:28:13.984101,tf,NFO,59198,126.45,-39.27,1695787093,,,,,,,,,
2023-09-27 09:28:14.525525,tf,NFO,59198,126.65,-39.17,1695787094,6506700,45,135,126.55,126.60,,,,
2023-09-27 09:28:14.984381,tf,NFO,59198,126.45,-39.27,1695787094,,,,,,,,,
2023-09-27 09:28:15.527198,tf,NFO,59198,126.40,-39.29,1695787095,6509835,60,105,126.40,126.55,,,,
2023-09-27 09:28:15.984957,tf,NFO,59198,126.10,-39.43,1695787095,,,,,,,,,
2023-09-27 09:28:16.529689,tf,NFO,59198,125.50,-39.72,1695787096,6516870,15,180,125.50,125.55,,,,
2023-09-27 09:28:16.985140,tf,NFO,59198,125.40,-39.77,1695787096,,,,,,,,,
2023-09-27 09:28:17.334083,tf,NFO,59198,125.30,-39.82,1695787097,6518955,,450,125.10,125.30,,,,
2023-09-27 09:28:18.533899,tf,NFO,59198,125.10,-39.91,1695787098,6528180,225,15,124.90,125.15,,,,
2023-09-27 09:28:18.987644,tf,NFO,59198,124.95,-39.99,1695787098,,,,,,,,,
2023-09-27 09:28:19.336187,tf,NFO,59198,124.40,-40.25,1695787099,6532020,45,90,124.45,124.65,,,,
2023-09-27 09:28:19.986377,tf,NFO,59198,124.55,-40.18,1695787099,,,,,,,,,
2023-09-27 09:28:20.986869,tf,NFO,59198,124.00,-40.44,1695787100,,,,,,,,,
2023-09-27 09:28:21.535401,tf,NFO,59198,124.15,-40.37,1695787101,6541185,15,900,124.05,124.15,,,,
2023-09-27 09:28:21.986955,tf,NFO,59198,124.00,-40.44,1695787101,,,,,,,,,
2023-09-27 09:28:22.537360,tf,NFO,59198,123.95,-40.47,1695787102,6545355,30,225,123.85,124.00,,,,
2023-09-27 09:28:22.987204,tf,NFO,59198,124.05,-40.42,1695787102,,,,,,,,,
2023-09-27 09:28:23.539950,tf,NFO,59198,124.25,-40.32,1695787103,6547770,165,30,124.25,124.45,,,,
2023-09-27 09:28:23.987394,tf,NFO,59198,124.30,-40.30,1695787103,,,,,,,,,
2023-09-27 09:28:24.543140,tf,NFO,59198,124.35,-40.27,1695787104,6551445,120,570,124.15,124.35,,,,
2023-09-27 09:28:24.987795,tf,NFO,59198,124.40,-40.25,1695787104,,,,,,,,,
2023-09-27 09:28:25.545821,tf,NFO,59198,124.35,-40.27,1695787105,6556275,30,15,124.35,124.40,,,,
2023-09-27 09:28:25.991448,tf,NFO,59198,124.15,-40.37,1695787105,,,,,,,,,
2023-09-27 09:28:26.743102,tf,NFO,59198,124.60,-40.15,1695787106,6561435,75,150,124.30,124.45,,,,
2023-09-27 09:28:26.988836,tf,NFO,59198,124.45,-40.23,1695787106,,,,,,,,,
2023-09-27 09:28:27.745795,tf,NFO,59198,125.00,-39.96,1695787107,6566490,210,75,124.85,124.90,,,,
2023-09-27 09:28:28.750060,tf,NFO,59198,124.60,-40.15,1695787108,6571200,240,480,124.45,124.65,,,,
2023-09-27 09:28:28.989411,tf,NFO,59198,124.45,-40.23,1695787108,,,,,,,,,
2023-09-27 09:28:29.750770,tf,NFO,59198,124.50,-40.20,1695787109,6575145,75,195,124.55,124.75,,,,
2023-09-27 09:28:29.990388,tf,NFO,59198,124.55,-40.18,1695787109,,,,,,,,,
2023-09-27 09:28:30.753351,tf,NFO,59198,124.05,-40.42,1695787110,6578565,285,210,124.05,124.30,125.03,,,
2023-09-27 09:28:30.990112,tf,NFO,59198,124.35,-40.27,1695787110,,,,,,,,,
2023-09-27 09:28:31.950060,tf,NFO,59198,124.40,-40.25,1695787111,6582765,105,,124.25,124.40,,,,
2023-09-27 09:28:31.990626,tf,NFO,59198,124.30,-40.30,1695787111,,,,,,,,,
2023-09-27 09:28:32.349968,tf,NFO,59198,124.10,-40.39,1695787112,6583200,45,150,123.95,124.05,,,,
2023-09-27 09:28:32.991256,tf,NFO,59198,123.85,-40.51,1695787112,,,,,,,,,
2023-09-27 09:28:33.352549,tf,NFO,59198,123.65,-40.61,1695787113,6585090,,225,123.45,123.60,,,,
2023-09-27 09:28:33.992036,tf,NFO,59198,123.55,-40.66,1695787113,,,,,,,,,
2023-09-27 09:28:34.355082,tf,NFO,59198,123.30,-40.78,1695787114,6589320,135,90,123.35,123.50,,,,
2023-09-27 09:28:34.993092,tf,NFO,59198,123.75,-40.56,1695787114,,,,,,,,,
2023-09-27 09:28:35.357097,tf,NFO,59198,123.70,-40.59,1695787115,6591780,180,75,123.45,,,,,
2023-09-27 09:28:35.993997,tf,NFO,59198,123.35,-40.75,1695787115,,,,,,,,,
2023-09-27 09:28:36.359334,tf,NFO,59198,123.20,-40.83,1695787116,6598020,120,810,122.95,123.20,,,,
2023-09-27 09:28:36.996081,tf,NFO,59198,123.55,-40.66,1695787116,,,,,,,,,
2023-09-27 09:28:37.996216,tf,NFO,59198,123.70,-40.59,1695787117,,,,,,,,,
2023-09-27 09:28:38.361797,tf,NFO,59198,123.65,-40.61,1695787118,6607995,30,165,,123.60,,,,
2023-09-27 09:28:38.995870,tf,NFO,59198,123.50,-40.68,1695787118,,,,,,,,,
2023-09-27 09:28:39.997531,tf,NFO,59198,122.45,-41.19,1695787119,,,,,,,,,
2023-09-27 09:28:40.364729,tf,NFO,59198,122.40,-41.21,1695787120,6623445,330,255,122.40,122.65,125.02,,,
2023-09-27 09:28:40.998092,tf,NFO,59198,122.65,-41.09,1695787120,,,,,,,,,
2023-09-27 09:28:41.365666,tf,NFO,59198,122.20,-41.31,1695787121,6625830,225,15,122.15,122.40,,,,
2023-09-27 09:28:41.999313,tf,NFO,59198,122.25,-41.28,1695787121,,,,,,,,,
2023-09-27 09:28:42.366994,tf,NFO,59198,122.05,-41.38,1695787122,6629040,60,210,122.10,122.30,,,,
2023-09-27 09:28:43.000677,tf,NFO,59198,121.60,-41.59,1695787122,,,,,,,,,
2023-09-27 09:28:43.567513,tf,NFO,59198,121.70,-41.55,1695787123,6661260,195,120,121.65,121.80,125.00,,,
2023-09-27 09:28:44.001430,tf,NFO,59198,121.95,-41.43,1695787123,,,,,,,,,
2023-09-27 09:28:44.572680,tf,NFO,59198,121.40,-41.69,1695787124,6664830,150,15,121.35,121.55,,,,
2023-09-27 09:28:45.002133,tf,NFO,59198,120.75,-42.00,1695787124,,,,,,,,,
2023-09-27 09:28:45.774304,tf,NFO,59198,120.15,-42.29,1695787125,6672780,7260,180,120.00,120.15,124.99,,,
2023-09-27 09:28:46.002656,tf,NFO,59198,120.05,-42.34,1695787125,,,,,,,,,
2023-09-27 09:28:46.775050,tf,NFO,59198,120.00,-42.36,1695787126,6676740,330,75,120.05,120.20,,,,
2023-09-27 09:28:47.003130,tf,NFO,59198,119.95,-42.39,1695787126,,,,,,,,,
2023-09-27 09:28:47.973347,tf,NFO,59198,120.55,-42.10,1695787127,6691575,135,60,120.45,120.55,124.98,,,
2023-09-27 09:28:48.003384,tf,NFO,59198,120.75,-42.00,1695787127,,,,,,,,,
2023-09-27 09:28:48.373335,tf,NFO,59198,120.50,-42.12,1695787128,6694440,195,705,,120.60,,,,
2023-09-27 09:28:49.004357,tf,NFO,59198,120.30,-42.22,1695787128,,,,,,,,,
2023-09-27 09:28:50.005614,tf,NFO,59198,120.70,-42.03,1695787129,,,,,,,,,
2023-09-27 09:28:50.376275,tf,NFO,59198,121.10,-41.83,1695787130,6728880,210,510,120.90,121.10,,,,
2023-09-27 09:28:51.006707,tf,NFO,59198,121.20,-41.79,1695787130,,,,,,,,,
2023-09-27 09:28:51.378846,tf,NFO,59198,121.00,-41.88,1695787131,6734010,105,270,,120.95,,,,
2023-09-27 09:28:52.006557,tf,NFO,59198,120.45,-42.15,1695787131,,,,,,,,,
2023-09-27 09:28:52.381248,tf,NFO,59198,120.80,-41.98,1695787132,6742200,135,525,120.80,121.05,124.94,,,
2023-09-27 09:28:53.008161,tf,NFO,59198,122.05,-41.38,1695787132,,,,,,,,,
2023-09-27 09:28:53.385234,tf,NFO,59198,121.30,-41.74,1695787133,6749190,165,90,121.30,121.40,,,,
2023-09-27 09:28:54.008705,tf,NFO,59198,121.50,-41.64,1695787133,,,,,,,,,
2023-09-27 09:28:54.581937,tf,NFO,59198,120.85,-41.95,1695787134,6792810,15,315,120.65,120.75,124.92,,,
2023-09-27 09:28:55.008939,tf,NFO,59198,120.40,-42.17,1695787134,,,,,,,,,
2023-09-27 09:28:55.585491,tf,NFO,59198,120.30,-42.22,1695787135,6801030,,75,120.10,120.30,124.91,,,
2023-09-27 09:28:56.009356,tf,NFO,59198,120.10,-42.32,1695787135,,,,,,,,,
2023-09-27 09:28:56.587046,tf,NFO,59198,120.80,-41.98,1695787136,6808305,30,60,120.70,120.90,,,,
2023-09-27 09:28:57.009805,tf,NFO,59198,121.15,-41.81,1695787136,,,,,,,,,
2023-09-27 09:28:57.589832,tf,NFO,59198,120.45,-42.15,1695787137,6812760,60,165,120.45,120.60,124.90,,,
2023-09-27 09:28:58.010436,tf,NFO,59198,120.65,-42.05,1695787137,,,,,,,,,
2023-09-27 09:28:58.593090,tf,NFO,59198,120.85,-41.95,1695787138,6816825,150,180,120.75,120.95,,,,
2023-09-27 09:28:59.011516,tf,NFO,59198,120.40,-42.17,1695787138,,,,,,,,,
2023-09-27 09:28:59.594808,tf,NFO,59198,120.80,-41.98,1695787139,6821925,375,,120.60,120.80,,,,
2023-09-27 09:29:00.011352,tf,NFO,59198,121.30,-41.74,1695787139,,,,,,,,,
2023-09-27 09:29:00.596588,tf,NFO,59198,121.05,-41.86,1695787140,6826335,90,165,121.05,121.20,,,,
2023-09-27 09:29:01.012790,tf,NFO,59198,120.35,-42.20,1695787140,,,,,,,,,
2023-09-27 09:29:01.793830,tf,NFO,59198,120.05,-42.34,1695787141,6833790,570,75,119.65,119.75,124.89,,,
2023-09-27 09:29:02.013092,tf,NFO,59198,120.10,-42.32,1695787141,,,,,,,,,
2023-09-27 09:29:02.797484,tf,NFO,59198,121.40,-41.69,1695787142,6840675,15,330,121.55,121.65,,,,
2023-09-27 09:29:03.014197,tf,NFO,59198,121.75,-41.52,1695787142,,,,,,,,,
2023-09-27 09:29:03.802552,tf,NFO,59198,121.15,-41.81,1695787143,6844845,45,60,120.90,121.10,124.88,,,
2023-09-27 09:29:04.014492,tf,NFO,59198,120.95,-41.91,1695787143,,,,,,,,,
2023-09-27 09:29:04.998171,tf,NFO,59198,120.65,-42.05,1695787144,6847695,90,45,120.60,120.75,,,,
2023-09-27 09:29:05.398130,tf,NFO,59198,120.80,-41.98,1695787145,6850620,,105,120.55,,,,,
2023-09-27 09:29:06.014209,tf,NFO,59198,120.45,-42.15,1695787145,,,,,,,,,
2023-09-27 09:29:06.401944,tf,NFO,59198,120.65,-42.05,1695787146,6854160,225,1035,120.65,120.85,,,,
2023-09-27 09:29:07.015593,tf,NFO,59198,120.20,-42.27,1695787146,,,,,,,,,
2023-09-27 09:29:08.015502,tf,NFO,59198,120.55,-42.10,1695787147,,,,,,,,,
2023-09-27 09:29:08.406966,tf,NFO,59198,120.40,-42.17,1695787148,6861615,,300,120.45,120.65,124.87,,,
2023-09-27 09:29:09.016095,tf,NFO,59198,120.55,-42.10,1695787148,,,,,,,,,
2023-09-27 09:29:10.016583,tf,NFO,59198,120.95,-41.91,1695787149,,,,,,,,,
2023-09-27 09:29:10.607342,tf,NFO,59198,120.80,-41.98,1695787150,6869670,120,75,120.80,120.95,,,,
