timestamp,t,e,tk,lp,pc,ft,ap,v,bp1,sp1,bq1,sq1,oi,_id
2023-11-02 11:55:04.390310,tf,NFO,40707,265.95,3.95,1698906298,,,,,,,,
2023-11-02 11:55:04.473798,tf,NFO,40707,264.85,3.52,1698906299,389.52,8053080,264.85,265.30,105,300,,
2023-11-02 11:55:04.478796,tf,NFO,40707,265.85,3.91,1698906299,,,,,,,,
2023-11-02 11:55:04.486140,tf,NFO,40707,265.65,3.83,1698906300,389.51,8053875,265.15,265.40,30,15,,
2023-11-02 11:55:04.493202,tf,NFO,40707,264.85,3.52,1698906300,,,,,,,,
2023-11-02 11:55:04.500868,tf,NFO,40707,265.05,3.60,1698906301,389.49,8054925,264.55,264.80,,45,,
2023-11-02 11:55:04.507553,tf,NFO,40707,265.80,3.89,1698906301,,,,,,,,
2023-11-02 11:55:04.514189,tf,NFO,40707,266.85,4.30,1698906302,389.43,8059125,266.50,266.90,,,,
2023-11-02 11:55:04.519174,tf,NFO,40707,266.55,4.18,1698906302,,,,,,,,
2023-11-02 11:55:04.527822,tf,NFO,40707,269.95,5.51,1698906303,389.39,8061330,269.50,269.65,,135,,
2023-11-02 11:55:04.533402,tf,NFO,40707,269.80,5.45,1698906303,,,,,,,,
2023-11-02 11:55:04.594582,tf,NFO,40707,271.20,6.00,1698906304,389.33,8065995,270.80,271.25,105,30,,
2023-11-02 11:55:05.973321,tf,NFO,40707,271.35,6.06,1698906305,,,,,,,,
2023-11-02 11:55:05.982214,tf,NFO,40707,272.15,6.37,1698906305,389.25,8071440,271.60,272.15,30,105,,
2023-11-02 11:55:06.189569,tf,NFO,40707,271.30,6.04,1698906305,389.21,8073690,271.50,272.05,165,135,,
2023-11-02 11:55:06.703616,tf,NFO,40707,272.05,6.33,1698906306,,,,,,,,
2023-11-02 11:55:07.194442,tf,NFO,40707,272.15,6.37,1698906306,389.19,8075415,271.65,272.15,45,105,,
2023-11-02 11:55:07.702465,tf,NFO,40707,272.70,6.59,1698906307,,,,,,,,
2023-11-02 11:55:08.398268,tf,NFO,40707,272.40,6.47,1698906308,389.16,8077095,271.90,272.40,285,75,,
2023-11-02 11:55:08.703750,tf,NFO,40707,272.10,6.35,1698906308,,,,,,,,
2023-11-02 11:55:09.647311,tf,NFO,40707,273.10,6.74,1698906309,389.12,8080320,272.80,273.35,30,180,,
2023-11-02 11:55:09.703207,tf,NFO,40707,273.55,6.92,1698906309,,,,,,,,
2023-11-02 11:55:10.197573,tf,NFO,40707,272.75,6.61,1698906309,389.06,8084625,272.20,272.60,180,150,,
2023-11-02 11:55:10.782252,tf,NFO,40707,271.85,6.25,1698906310,,,,,,,,
2023-11-02 11:55:11.195985,tf,NFO,40707,272.20,6.39,1698906310,389.02,8086860,272.05,272.55,,15,,
2023-11-02 11:55:11.704482,tf,NFO,40707,272.90,6.66,1698906311,,,,,,,,
2023-11-02 11:55:23.895917,tf,NFO,40707,275.60,7.72,1698906323,388.31,8137860,275.65,276.15,180,30,,
2023-11-02 11:55:23.910417,tf,NFO,40707,276.00,7.88,1698906323,,,,,,,,
2023-11-02 11:55:24.618747,tf,NFO,40707,275.15,7.54,1698906324,388.26,8141760,275.15,275.65,45,225,,
2023-11-02 11:55:24.713491,tf,NFO,40707,274.35,7.23,1698906324,,,,,,,,
2023-11-02 11:55:25.622139,tf,NFO,40707,271.30,6.04,1698906325,388.19,8146305,271.45,271.85,15,390,,
2023-11-02 11:55:25.707222,tf,NFO,40707,272.20,6.39,1698906325,,,,,,,,
2023-11-02 11:55:26.623529,tf,NFO,40707,271.60,6.16,1698906326,388.13,8150850,271.50,271.95,105,15,,
2023-11-02 11:55:26.709545,tf,NFO,40707,271.45,6.10,1698906326,,,,,,,,
2023-11-02 11:55:27.223340,tf,NFO,40707,271.75,6.21,1698906326,388.11,8151990,271.20,271.65,30,60,,
2023-11-02 11:55:27.711153,tf,NFO,40707,271.35,6.06,1698906327,,,,,,,,
2023-11-02 11:55:28.428690,tf,NFO,40707,272.95,6.68,1698906328,388.07,8155140,272.45,272.75,60,135,,
2023-11-02 11:55:28.711060,tf,NFO,40707,272.50,6.51,1698906328,,,,,,,,
2023-11-02 11:55:29.625720,tf,NFO,40707,274.20,7.17,1698906329,388.04,8156850,273.30,273.70,195,75,,
2023-11-02 11:55:29.712182,tf,NFO,40707,273.70,6.98,1698906329,,,,,,,,
2023-11-02 11:55:30.626795,tf,NFO,40707,273.25,6.80,1698906330,388.02,8158410,272.70,273.25,30,15,,
2023-11-02 11:55:31.628193,tf,NFO,40707,273.35,6.84,1698906331,388.00,8159895,273.25,273.45,15,75,,
2023-11-02 11:55:32.229072,tf,NFO,40707,273.20,6.78,1698906331,387.99,8160645,273.20,273.40,,180,,
2023-11-02 11:55:33.136672,tf,NFO,40707,273.45,6.88,1698906332,,,,,,,,
2023-11-02 11:55:33.236360,tf,NFO,40707,273.40,6.86,1698906332,387.98,8161200,273.30,273.70,150,285,,
2023-11-02 11:55:33.717509,tf,NFO,40707,273.30,6.82,1698906333,,,,,,,,
2023-11-02 11:55:34.235392,tf,NFO,40707,274.35,7.23,1698906333,387.96,8162820,274.45,275.00,405,1860,,
2023-11-02 11:55:34.713548,tf,NFO,40707,274.30,7.21,1698906334,,,,,,,,
2023-11-02 11:55:35.440279,tf,NFO,40707,274.80,7.41,1698906335,387.95,8163360,274.40,274.85,210,75,,
2023-11-02 11:55:36.875182,tf,NFO,40707,274.20,7.17,1698906336,387.92,8165145,273.70,274.20,15,375,,
2023-11-02 11:56:37.192407,tf,NFO,40707,282.90,10.57,1698906396,385.13,8378655,282.45,282.90,210,60,,
2023-11-02 11:56:37.739340,tf,NFO,40707,282.95,10.59,1698906397,385.10,8380710,282.50,283.00,135,120,,
2023-11-02 11:56:38.330524,tf,NFO,40707,281.50,10.03,1698906397,385.08,8382720,281.35,281.85,45,45,,
2023-11-02 11:56:38.744068,tf,NFO,40707,282.00,10.22,1698906398,,,,,,,,
2023-11-02 11:56:39.330208,tf,NFO,40707,282.30,10.34,1698906398,385.06,8384145,281.80,282.30,90,75,,
2023-11-02 11:56:39.744632,tf,NFO,40707,281.65,10.08,1698906399,,,,,,,,
2023-11-02 11:56:40.334474,tf,NFO,40707,281.20,9.91,1698906399,385.04,8385780,281.15,281.45,225,,,
2023-11-02 11:56:41.098482,tf,NFO,40707,281.35,9.97,1698906400,,,,,,,,
2023-11-02 11:56:41.533329,tf,NFO,40707,281.15,9.89,1698906401,385.01,8387955,,281.70,105,,,
2023-11-02 11:56:41.783866,tf,NFO,40707,281.25,9.93,1698906401,,,,,,,,
2023-11-02 11:56:42.735000,tf,NFO,40707,281.60,10.06,1698906402,384.98,8390160,,281.65,30,105,,
2023-11-02 11:56:42.743619,tf,NFO,40707,281.65,10.08,1698906402,,,,,,,,
2023-11-02 11:56:43.966963,tf,NFO,40707,280.80,9.75,1698906403,384.95,8392755,280.65,281.20,,135,,
2023-11-02 11:56:44.335266,tf,NFO,40707,280.60,9.67,1698906403,384.94,8393850,280.30,280.85,,75,,
2023-11-02 11:56:44.756622,tf,NFO,40707,278.35,8.79,1698906404,,,,,,,,
2023-11-02 11:56:45.333351,tf,NFO,40707,278.55,8.87,1698906404,384.86,8399790,278.60,279.15,90,150,,
2023-11-02 11:56:45.744839,tf,NFO,40707,279.00,9.05,1698906405,,,,,,,1294815,
2023-11-02 11:56:46.333638,tf,NFO,40707,278.65,8.91,1698906405,384.82,8403000,278.65,,210,135,,
2023-11-02 11:56:46.745671,tf,NFO,40707,279.15,9.11,1698906406,,,,,,,,
2023-11-02 11:56:47.445392,tf,NFO,40707,279.00,9.05,1698906406,384.79,8405655,278.90,279.45,,120,,
2023-11-02 11:56:47.744389,tf,NFO,40707,279.45,9.22,1698906407,,,,,,,,
2023-11-02 11:56:48.342222,tf,NFO,40707,278.85,8.99,1698906407,384.78,8406360,278.30,278.90,45,225,,
2023-11-02 11:56:48.744759,tf,NFO,40707,279.50,9.24,1698906408,,,,,,,,
2023-11-02 11:56:49.542628,tf,NFO,40707,279.20,9.13,1698906409,384.76,8407905,279.00,279.40,15,150,,
2023-11-02 11:56:50.774386,tf,NFO,40707,279.10,9.09,1698906410,384.75,8408760,278.90,279.10,135,30,,
2023-11-02 11:56:50.778498,tf,NFO,40707,279.35,9.19,1698906410,,,,,,,,
2023-11-02 11:56:51.343523,tf,NFO,40707,279.25,9.15,1698906410,,8409045,278.70,279.20,105,15,,
2023-11-02 11:56:51.746937,tf,NFO,40707,279.15,9.11,1698906411,,,,,,,,
2023-11-02 11:56:52.347003,tf,NFO,40707,278.95,9.03,1698906411,384.74,8409315,278.50,279.05,195,180,,
2023-11-02 11:56:52.755780,tf,NFO,40707,279.10,9.09,1698906412,,,,,,,,
2023-11-02 11:56:53.551036,tf,NFO,40707,279.05,9.07,1698906413,384.72,8410905,279.30,279.70,150,90,,
2023-11-02 11:56:53.748062,tf,NFO,40707,281.50,10.03,1698906413,,,,,,,,
2023-11-02 11:56:54.346883,tf,NFO,40707,279.70,9.32,1698906413,384.66,8416110,279.80,280.30,45,30,,
2023-11-02 11:56:54.747552,tf,NFO,40707,280.70,9.71,1698906414,,,,,,,,
2023-11-02 11:56:55.550204,tf,NFO,40707,281.65,10.08,1698906415,384.64,8417775,281.15,281.65,30,135,,
2023-11-02 11:56:55.679390,tf,NFO,40707,281.65,10.08,1698906415,384.64,8417775,281.15,281.65,30,135,,
2023-11-02 11:56:55.748816,tf,NFO,40707,280.90,9.79,1698906415,,,,,,,,
2023-11-02 11:56:55.753782,tf,NFO,40707,280.90,9.79,1698906415,,,,,,,,
2023-11-02 11:56:56.662882,tf,NFO,40707,281.60,10.06,1698906416,384.61,8419875,281.05,281.60,495,45,,
2023-11-02 11:56:56.666873,tf,NFO,40707,281.60,10.06,1698906416,384.61,8419875,281.05,281.60,495,45,,
2023-11-02 11:56:56.752109,tf,NFO,40707,281.55,10.04,1698906416,,,,,,,,
2023-11-02 11:56:56.753612,tf,NFO,40707,281.55,10.04,1698906416,,,,,,,,
2023-11-02 11:56:57.750976,tf,NFO,40707,280.90,9.79,1698906417,,,,,,,,
2023-11-02 11:56:57.753630,tf,NFO,40707,280.90,9.79,1698906417,,,,,,,,
2023-11-02 11:56:58.555182,tf,NFO,40707,281.70,10.10,1698906417,384.51,8428170,281.30,281.75,150,30,,
2023-11-02 11:56:58.557556,tf,NFO,40707,281.70,10.10,1698906417,384.51,8428170,281.30,281.75,150,30,,
2023-11-02 11:56:58.750190,tf,NFO,40707,281.30,9.95,1698906418,,,,,,,,
2023-11-02 11:56:58.752723,tf,NFO,40707,281.30,9.95,1698906418,,,,,,,,
2023-11-02 11:56:59.739377,tf,NFO,40707,281.80,10.14,1698906419,384.49,8430255,281.20,281.70,90,45,,
2023-11-02 11:56:59.744300,tf,NFO,40707,281.80,10.14,1698906419,384.49,8430255,281.20,281.70,90,45,,
2023-11-02 11:56:59.751673,tf,NFO,40707,281.20,9.91,1698906419,,,,,,,,
2023-11-02 11:56:59.754693,tf,NFO,40707,281.20,9.91,1698906419,,,,,,,,
2023-11-02 11:57:00.762248,tf,NFO,40707,282.05,10.24,1698906420,384.45,8433390,281.70,282.15,180,15,,
2023-11-02 11:57:00.767011,tf,NFO,40707,282.05,10.24,1698906420,384.45,8433390,281.70,282.15,180,15,,
2023-11-02 11:57:00.772458,tf,NFO,40707,280.20,9.52,1698906420,,,,,,,,
2023-11-02 11:57:00.776750,tf,NFO,40707,280.20,9.52,1698906420,,,,,,,,
2023-11-02 11:57:01.752868,tf,NFO,40707,279.75,9.34,1698906421,,,,,,,,
2023-11-02 11:57:01.755231,tf,NFO,40707,279.75,9.34,1698906421,,,,,,,,
2023-11-02 11:57:02.363714,tf,NFO,40707,279.95,9.42,1698906421,384.41,8436645,,279.80,120,,,
2023-11-02 11:57:02.366140,tf,NFO,40707,279.95,9.42,1698906421,384.41,8436645,,279.80,120,,,
2023-11-02 11:57:02.753151,tf,NFO,40707,279.00,9.05,1698906422,,,,,,,,
2023-11-02 11:57:02.755156,tf,NFO,40707,279.00,9.05,1698906422,,,,,,,,
2023-11-02 11:57:03.752980,tf,NFO,40707,278.00,8.66,1698906423,,,,,,,,
2023-11-02 11:57:03.757663,tf,NFO,40707,278.00,8.66,1698906423,,,,,,,,
2023-11-02 11:57:04.367695,tf,NFO,40707,279.45,9.22,1698906423,384.25,8449605,279.30,279.75,45,15,,
2023-11-02 11:57:04.372768,tf,NFO,40707,279.45,9.22,1698906423,384.25,8449605,279.30,279.75,45,15,,
2023-11-02 11:57:04.803419,tf,NFO,40707,280.90,9.79,1698906424,,,,,,,,
2023-11-02 11:57:04.804695,tf,NFO,40707,280.90,9.79,1698906424,,,,,,,,
2023-11-02 11:57:05.363478,tf,NFO,40707,281.70,10.10,1698906424,384.20,8453055,281.10,281.65,90,60,,
2023-11-02 11:57:05.368215,tf,NFO,40707,281.70,10.10,1698906424,384.20,8453055,281.10,281.65,90,60,,
2023-11-02 11:57:05.753505,tf,NFO,40707,281.15,9.89,1698906425,,,,,,,,
2023-11-02 11:57:05.758723,tf,NFO,40707,281.15,9.89,1698906425,,,,,,,,
2023-11-02 11:57:06.363780,tf,NFO,40707,279.40,9.20,1698906425,384.17,8455440,279.35,279.85,15,15,,
2023-11-02 11:57:06.374391,tf,NFO,40707,279.40,9.20,1698906425,384.17,8455440,279.35,279.85,15,15,,
2023-11-02 11:57:06.752586,tf,NFO,40707,280.65,9.69,1698906426,,,,,,,,
2023-11-02 11:57:06.757007,tf,NFO,40707,280.65,9.69,1698906426,,,,,,,,
2023-11-02 11:57:07.751792,tf,NFO,40707,280.00,9.44,1698906427,,,,,,,,
2023-11-02 11:57:07.752809,tf,NFO,40707,280.00,9.44,1698906427,,,,,,,,
2023-11-02 11:57:08.744905,tf,NFO,40707,278.85,8.99,1698906428,384.13,8459070,278.90,279.30,180,990,,
2023-11-02 11:57:08.747025,tf,NFO,40707,278.85,8.99,1698906428,384.13,8459070,278.90,279.30,180,990,,
2023-11-02 11:57:08.761903,tf,NFO,40707,279.70,9.32,1698906428,,,,,,,,
2023-11-02 11:57:08.762909,tf,NFO,40707,279.70,9.32,1698906428,,,,,,,,
2023-11-02 11:57:09.752671,tf,NFO,40707,279.75,9.34,1698906429,,,,,,,,
2023-11-02 11:57:09.765415,tf,NFO,40707,279.75,9.34,1698906429,,,,,,,,
2023-11-02 11:57:10.369974,tf,NFO,40707,279.00,9.05,1698906429,384.05,8465925,278.50,278.95,90,180,,
2023-11-02 11:57:10.377099,tf,NFO,40707,279.00,9.05,1698906429,384.05,8465925,278.50,278.95,90,180,,
2023-11-02 11:57:10.753385,tf,NFO,40707,279.25,9.15,1698906430,,,,,,,,
2023-11-02 11:57:10.754522,tf,NFO,40707,279.25,9.15,1698906430,,,,,,,,
2023-11-02 11:57:11.410121,tf,NFO,40707,278.90,9.01,1698906430,384.03,8467050,278.80,279.40,,210,,
2023-11-02 11:57:11.439957,tf,NFO,40707,278.90,9.01,1698906430,384.03,8467050,278.80,279.40,,210,,
2023-11-02 11:57:11.763280,tf,NFO,40707,279.45,9.22,1698906431,,,,,,,,
2023-11-02 11:57:11.764354,tf,NFO,40707,279.45,9.22,1698906431,,,,,,,,
2023-11-02 11:57:12.378946,tf,NFO,40707,279.60,9.28,1698906432,384.02,8467680,279.65,280.15,180,75,,
2023-11-02 11:57:12.380996,tf,NFO,40707,279.60,9.28,1698906432,384.02,8467680,279.65,280.15,180,75,,
2023-11-02 11:57:12.757893,tf,NFO,40707,280.50,9.63,1698906432,,,,,,,,
2023-11-02 11:57:12.796918,tf,NFO,40707,280.50,9.63,1698906432,,,,,,,,
2023-11-02 11:57:13.577013,tf,NFO,40707,281.40,9.99,1698906433,384.01,8468715,281.10,281.60,30,30,,
2023-11-02 11:57:13.615679,tf,NFO,40707,281.40,9.99,1698906433,384.01,8468715,281.10,281.60,30,30,,
2023-11-02 11:57:13.770120,tf,NFO,40707,281.00,9.83,1698906433,,,,,,,,
2023-11-02 11:57:13.772535,tf,NFO,40707,281.00,9.83,1698906433,,,,,,,,
2023-11-02 11:57:14.757605,tf,NFO,40707,280.00,9.44,1698906434,,,,,,,,
2023-11-02 11:57:14.761297,tf,NFO,40707,280.00,9.44,1698906434,,,,,,,,
2023-11-02 11:57:15.758488,tf,NFO,40707,279.30,9.17,1698906435,,,,,,,,
2023-11-02 11:57:15.762362,tf,NFO,40707,279.30,9.17,1698906435,,,,,,,,
2023-11-02 11:57:16.757361,tf,NFO,40707,280.00,9.44,1698906436,383.95,8473710,279.50,279.75,120,,,
2023-11-02 11:57:16.763050,tf,NFO,40707,280.00,9.44,1698906436,383.95,8473710,279.50,279.75,120,,,
2023-11-02 11:57:16.833544,tf,NFO,40707,279.75,9.34,1698906436,,,,,,,,
2023-11-02 11:57:16.834846,tf,NFO,40707,279.75,9.34,1698906436,,,,,,,,
2023-11-02 11:57:17.732006,tf,NFO,40707,280.05,9.46,1698906437,383.93,8474895,279.90,280.35,420,,,
2023-11-02 11:57:17.733028,tf,NFO,40707,280.05,9.46,1698906437,383.93,8474895,279.90,280.35,420,,,
2023-11-02 11:57:17.778451,tf,NFO,40707,280.35,9.58,1698906437,,,,,,,,
2023-11-02 11:57:17.781477,tf,NFO,40707,280.35,9.58,1698906437,,,,,,,,
2023-11-02 11:57:18.762055,tf,NFO,40707,280.45,9.62,1698906438,,,,,,,,
2023-11-02 11:57:18.763056,tf,NFO,40707,280.45,9.62,1698906438,,,,,,,,
2023-11-02 11:57:19.382513,tf,NFO,40707,280.60,9.67,1698906439,383.91,8476545,280.15,280.70,,240,,
2023-11-02 11:57:19.392222,tf,NFO,40707,280.60,9.67,1698906439,383.91,8476545,280.15,280.70,,240,,
2023-11-02 11:57:19.764974,tf,NFO,40707,280.00,9.44,1698906439,,,,,,,,
2023-11-02 11:57:19.766735,tf,NFO,40707,280.00,9.44,1698906439,,,,,,,,
2023-11-02 11:57:20.760079,tf,NFO,40707,279.85,9.38,1698906440,,,,,,,,
2023-11-02 11:57:20.762357,tf,NFO,40707,279.85,9.38,1698906440,,,,,,,,
2023-11-02 11:57:21.593577,tf,NFO,40707,278.95,9.03,1698906441,383.84,8482245,278.95,279.40,300,540,,
2023-11-02 11:57:21.595587,tf,NFO,40707,278.95,9.03,1698906441,383.84,8482245,278.95,279.40,300,540,,
2023-11-02 11:57:21.761119,tf,NFO,40707,279.40,9.20,1698906441,,,,,,,,
2023-11-02 11:57:21.762575,tf,NFO,40707,279.40,9.20,1698906441,,,,,,,,
2023-11-02 11:57:23.899561,tf,NFO,40707,279.30,9.17,1698906443,,,,,,,,
2023-11-02 11:57:23.901073,tf,NFO,40707,279.30,9.17,1698906443,,,,,,,,
2023-11-02 11:57:24.763071,tf,NFO,40707,279.90,9.40,1698906444,,,,,,,,
2023-11-02 11:57:24.766724,tf,NFO,40707,279.90,9.40,1698906444,,,,,,,,
2023-11-02 11:57:25.763417,tf,NFO,40707,279.25,9.15,1698906445,,,,,,,,
2023-11-02 11:57:25.764421,tf,NFO,40707,279.25,9.15,1698906445,,,,,,,,
2023-11-02 11:57:25.794802,tf,NFO,40707,279.15,9.11,1698906445,383.79,8486775,279.15,279.70,45,105,,
2023-11-02 11:57:25.795794,tf,NFO,40707,279.15,9.11,1698906445,383.79,8486775,279.15,279.70,45,105,,
2023-11-02 11:57:26.765584,tf,NFO,40707,279.55,9.26,1698906446,,,,,,,,
2023-11-02 11:57:26.765584,tf,NFO,40707,279.55,9.26,1698906446,,,,,,,,
2023-11-02 11:57:27.398363,tf,NFO,40707,279.10,9.09,1698906447,383.77,8488200,279.10,279.55,30,45,,
2023-11-02 11:57:27.409975,tf,NFO,40707,279.10,9.09,1698906447,383.77,8488200,279.10,279.55,30,45,,
2023-11-02 11:57:27.766483,tf,NFO,40707,279.05,9.07,1698906447,,,,,,,,
2023-11-02 11:57:27.767479,tf,NFO,40707,279.05,9.07,1698906447,,,,,,,,
2023-11-02 11:57:28.596993,tf,NFO,40707,278.45,8.83,1698906448,383.74,8491050,278.35,278.45,,285,,
2023-11-02 11:57:28.598379,tf,NFO,40707,278.45,8.83,1698906448,383.74,8491050,278.35,278.45,,285,,
2023-11-02 11:57:28.767523,tf,NFO,40707,279.00,9.05,1698906448,,,,,,,,
2023-11-02 11:57:28.768945,tf,NFO,40707,279.00,9.05,1698906448,,,,,,,,
2023-11-02 11:57:29.601492,tf,NFO,40707,278.45,8.83,1698906449,383.72,8491995,278.05,278.40,45,45,,
2023-11-02 11:57:29.603517,tf,NFO,40707,278.45,8.83,1698906449,383.72,8491995,278.05,278.40,45,45,,
2023-11-02 11:57:29.766976,tf,NFO,40707,278.35,8.79,1698906449,,,,,,,,
2023-11-02 11:57:29.767980,tf,NFO,40707,278.35,8.79,1698906449,,,,,,,,
2023-11-02 11:57:30.597936,tf,NFO,40707,278.30,8.77,1698906450,383.71,8493465,277.95,278.25,,75,,
2023-11-02 11:57:30.603059,tf,NFO,40707,278.30,8.77,1698906450,383.71,8493465,277.95,278.25,,75,,
2023-11-02 11:57:30.766303,tf,NFO,40707,278.00,8.66,1698906450,,,,,,,,
2023-11-02 11:57:30.766303,tf,NFO,40707,278.00,8.66,1698906450,,,,,,,,
2023-11-02 11:57:31.599944,tf,NFO,40707,278.15,8.72,1698906451,383.69,8494620,278.15,278.50,15,,,
2023-11-02 11:57:31.600952,tf,NFO,40707,278.15,8.72,1698906451,383.69,8494620,278.15,278.50,15,,,
2023-11-02 11:57:31.766223,tf,NFO,40707,278.60,8.89,1698906451,,,,,,,,
2023-11-02 11:57:31.767371,tf,NFO,40707,278.60,8.89,1698906451,,,,,,,,
2023-11-02 11:57:32.401956,tf,NFO,40707,278.25,8.76,1698906452,383.67,8496465,278.70,279.00,120,90,,
2023-11-02 11:57:32.402960,tf,NFO,40707,278.25,8.76,1698906452,383.67,8496465,278.70,279.00,120,90,,
2023-11-02 11:57:32.772448,tf,NFO,40707,279.00,9.05,1698906452,,,,,,,,
2023-11-02 11:57:32.773639,tf,NFO,40707,279.00,9.05,1698906452,,,,,,,,
2023-11-02 11:57:33.401057,tf,NFO,40707,279.05,9.07,1698906453,383.65,8498280,278.50,,30,30,,
2023-11-02 11:57:33.402445,tf,NFO,40707,279.05,9.07,1698906453,383.65,8498280,278.50,,30,30,,
2023-11-02 11:57:33.768855,tf,NFO,40707,279.15,9.11,1698906453,,,,,,,,
2023-11-02 11:57:33.768855,tf,NFO,40707,279.15,9.11,1698906453,,,,,,,,
2023-11-02 11:57:34.604096,tf,NFO,40707,280.05,9.46,1698906454,383.58,8504040,279.60,280.15,105,,,
2023-11-02 11:57:34.604096,tf,NFO,40707,280.05,9.46,1698906454,383.58,8504040,279.60,280.15,105,,,
2023-11-02 11:57:34.768194,tf,NFO,40707,280.35,9.58,1698906454,,,,,,,,
2023-11-02 11:57:34.769262,tf,NFO,40707,280.35,9.58,1698906454,,,,,,,,
2023-11-02 11:57:35.778933,tf,NFO,40707,279.60,9.28,1698906455,383.56,8505600,279.50,280.00,60,60,,
2023-11-02 11:57:35.779880,tf,NFO,40707,279.60,9.28,1698906455,383.56,8505600,279.50,280.00,60,60,,
2023-11-02 11:57:35.780885,tf,NFO,40707,280.15,9.50,1698906455,,,,,,,,
2023-11-02 11:57:35.782053,tf,NFO,40707,280.15,9.50,1698906455,,,,,,,,
2023-11-02 11:57:36.608835,tf,NFO,40707,280.05,9.46,1698906456,383.54,8507205,,280.05,345,,,
2023-11-02 11:57:36.608835,tf,NFO,40707,280.05,9.46,1698906456,383.54,8507205,,280.05,345,,,
2023-11-02 11:57:37.405860,tf,NFO,40707,280.25,9.54,1698906457,383.53,8507715,279.70,280.25,90,,,
2023-11-02 11:57:37.409207,tf,NFO,40707,280.25,9.54,1698906457,383.53,8507715,279.70,280.25,90,,,
2023-11-02 11:57:37.770864,tf,NFO,40707,280.05,9.46,1698906457,,,,,,,,
2023-11-02 11:57:37.771884,tf,NFO,40707,280.05,9.46,1698906457,,,,,,,,
2023-11-02 11:57:38.782903,tf,NFO,40707,280.80,9.75,1698906458,383.51,8509065,280.20,280.60,15,15,,
2023-11-02 11:57:38.783973,tf,NFO,40707,280.80,9.75,1698906458,383.51,8509065,280.20,280.60,15,15,,
2023-11-02 11:57:38.907059,tf,NFO,40707,280.00,9.44,1698906458,,,,,,,,
2023-11-02 11:57:38.908584,tf,NFO,40707,280.00,9.44,1698906458,,,,,,,,
2023-11-02 11:57:39.614490,tf,NFO,40707,280.90,9.79,1698906459,383.48,8511780,281.20,281.70,75,30,,
2023-11-02 11:57:39.614490,tf,NFO,40707,280.90,9.79,1698906459,383.48,8511780,281.20,281.70,75,30,,
2023-11-02 11:57:39.770823,tf,NFO,40707,282.55,10.44,1698906459,,,,,,,,
2023-11-02 11:57:39.774394,tf,NFO,40707,282.55,10.44,1698906459,,,,,,,,
2023-11-02 11:57:40.420060,tf,NFO,40707,284.50,11.20,1698906460,383.37,8521335,284.10,284.55,60,75,,
2023-11-02 11:57:40.420060,tf,NFO,40707,284.50,11.20,1698906460,383.37,8521335,284.10,284.55,60,75,,
2023-11-02 11:57:40.780435,tf,NFO,40707,284.80,11.32,1698906460,,,,,,,,
2023-11-02 11:57:40.784100,tf,NFO,40707,284.80,11.32,1698906460,,,,,,,,
2023-11-02 11:57:41.420290,tf,NFO,40707,285.00,11.39,1698906461,383.35,8523435,284.60,285.00,90,2010,,
2023-11-02 11:57:41.436273,tf,NFO,40707,285.00,11.39,1698906461,383.35,8523435,284.60,285.00,90,2010,,
2023-11-02 11:57:41.780086,tf,NFO,40707,285.10,11.43,1698906461,,,,,,,,
2023-11-02 11:57:41.781093,tf,NFO,40707,285.10,11.43,1698906461,,,,,,,,
2023-11-02 11:57:42.420966,tf,NFO,40707,285.55,11.61,1698906462,383.25,8531985,285.50,286.00,75,300,,
2023-11-02 11:57:42.421963,tf,NFO,40707,285.55,11.61,1698906462,383.25,8531985,285.50,286.00,75,300,,
2023-11-02 11:57:42.772182,tf,NFO,40707,284.35,11.14,1698906462,,,,,,,,
2023-11-02 11:57:42.774882,tf,NFO,40707,284.35,11.14,1698906462,,,,,,,,
2023-11-02 11:57:43.615581,tf,NFO,40707,285.45,11.57,1698906463,383.19,8537085,285.05,285.55,90,120,,
2023-11-02 11:57:43.616852,tf,NFO,40707,285.45,11.57,1698906463,383.19,8537085,285.05,285.55,90,120,,
2023-11-02 11:57:43.774005,tf,NFO,40707,284.95,11.37,1698906463,,,,,,,,
2023-11-02 11:57:43.775170,tf,NFO,40707,284.95,11.37,1698906463,,,,,,,,
2023-11-02 11:57:44.788288,tf,NFO,40707,285.00,11.39,1698906464,383.16,8539725,284.90,285.00,75,45,,
2023-11-02 11:57:44.789285,tf,NFO,40707,285.00,11.39,1698906464,383.16,8539725,284.90,285.00,75,45,,
2023-11-02 11:57:44.792052,tf,NFO,40707,285.25,11.49,1698906464,,,,,,,,
2023-11-02 11:57:44.792052,tf,NFO,40707,285.25,11.49,1698906464,,,,,,,,
2023-11-02 11:57:45.620885,tf,NFO,40707,285.65,11.65,1698906465,383.09,8545605,,285.45,150,15,,
2023-11-02 11:57:45.622922,tf,NFO,40707,285.65,11.65,1698906465,383.09,8545605,,285.45,150,15,,
2023-11-02 11:57:45.786825,tf,NFO,40707,284.40,11.16,1698906465,,,,,,,,
2023-11-02 11:57:45.804924,tf,NFO,40707,284.40,11.16,1698906465,,,,,,,,
2023-11-02 11:57:46.422156,tf,NFO,40707,284.55,11.22,1698906466,383.07,8547090,283.90,284.40,60,60,,
2023-11-02 11:57:46.422914,tf,NFO,40707,284.55,11.22,1698906466,383.07,8547090,283.90,284.40,60,60,,
2023-11-02 11:57:46.773765,tf,NFO,40707,283.85,10.94,1698906466,,,,,,,,
2023-11-02 11:57:46.774985,tf,NFO,40707,283.85,10.94,1698906466,,,,,,,,
2023-11-02 11:57:47.427235,tf,NFO,40707,284.20,11.08,1698906467,383.05,8548980,284.40,284.95,75,225,,
2023-11-02 11:57:47.428241,tf,NFO,40707,284.20,11.08,1698906467,383.05,8548980,284.40,284.95,75,225,,
2023-11-02 11:57:47.787333,tf,NFO,40707,284.70,11.28,1698906467,,,,,,,,
2023-11-02 11:57:47.788333,tf,NFO,40707,284.70,11.28,1698906467,,,,,,,,
2023-11-02 11:57:48.628458,tf,NFO,40707,284.25,11.10,1698906468,382.97,8556450,283.75,284.35,30,75,,
2023-11-02 11:57:48.628458,tf,NFO,40707,284.25,11.10,1698906468,382.97,8556450,283.75,284.35,30,75,,
2023-11-02 11:57:48.776370,tf,NFO,40707,284.40,11.16,1698906468,,,,,,,,
2023-11-02 11:57:48.779044,tf,NFO,40707,284.40,11.16,1698906468,,,,,,,,
2023-11-02 11:57:49.784075,tf,NFO,40707,283.10,10.65,1698906469,,,,,,,,
2023-11-02 11:57:49.784075,tf,NFO,40707,283.10,10.65,1698906469,,,,,,,,
2023-11-02 11:57:49.828909,tf,NFO,40707,283.75,10.90,1698906469,382.91,8560995,283.35,283.70,15,60,,
2023-11-02 11:57:49.828909,tf,NFO,40707,283.75,10.90,1698906469,382.91,8560995,283.35,283.70,15,60,,
2023-11-02 11:57:50.428294,tf,NFO,40707,282.30,10.34,1698906470,382.90,8562600,281.95,282.40,,225,,
2023-11-02 11:57:50.428294,tf,NFO,40707,282.30,10.34,1698906470,382.90,8562600,281.95,282.40,,225,,
2023-11-02 11:57:50.776718,tf,NFO,40707,282.45,10.40,1698906470,,,,,,,,
2023-11-02 11:57:50.776718,tf,NFO,40707,282.45,10.40,1698906470,,,,,,,,
2023-11-02 11:57:51.438526,tf,NFO,40707,282.75,10.51,1698906471,382.88,8564115,282.35,282.80,165,60,,
2023-11-02 11:57:51.440038,tf,NFO,40707,282.75,10.51,1698906471,382.88,8564115,282.35,282.80,165,60,,
2023-11-02 11:57:51.778488,tf,NFO,40707,281.95,10.20,1698906471,,,,,,,,
2023-11-02 11:57:51.782513,tf,NFO,40707,281.95,10.20,1698906471,,,,,,,,
2023-11-02 11:57:52.632361,tf,NFO,40707,280.60,9.67,1698906472,382.84,8567640,280.60,281.10,75,75,,
2023-11-02 11:57:52.633379,tf,NFO,40707,280.60,9.67,1698906472,382.84,8567640,280.60,281.10,75,75,,
2023-11-02 11:57:53.637302,tf,NFO,40707,281.00,9.83,1698906473,382.78,8572365,280.50,281.00,,90,,
2023-11-02 11:57:53.642013,tf,NFO,40707,281.00,9.83,1698906473,382.78,8572365,280.50,281.00,,90,,
2023-11-02 11:57:53.779303,tf,NFO,40707,281.25,9.93,1698906473,,,,,,,,
2023-11-02 11:57:53.779303,tf,NFO,40707,281.25,9.93,1698906473,,,,,,,,
2023-11-02 11:57:54.802575,tf,NFO,40707,280.50,9.63,1698906474,,,,,,,,
2023-11-02 11:57:54.802575,tf,NFO,40707,280.50,9.63,1698906474,,,,,,,,
2023-11-02 11:57:55.438842,tf,NFO,40707,281.95,10.20,1698906475,382.74,8575335,281.45,281.80,90,135,,
2023-11-02 11:57:55.440358,tf,NFO,40707,281.95,10.20,1698906475,382.74,8575335,281.45,281.80,90,135,,
2023-11-02 11:57:55.780910,tf,NFO,40707,281.40,9.99,1698906475,,,,,,,,
2023-11-02 11:57:55.782932,tf,NFO,40707,281.40,9.99,1698906475,,,,,,,,
2023-11-02 11:57:56.440088,tf,NFO,40707,281.45,10.01,1698906476,382.67,8581410,,282.15,,315,,
2023-11-02 11:57:56.444235,tf,NFO,40707,281.45,10.01,1698906476,382.67,8581410,,282.15,,315,,
2023-11-02 11:57:56.783169,tf,NFO,40707,282.70,10.49,1698906476,,,,,,,,
2023-11-02 11:57:56.784239,tf,NFO,40707,282.70,10.49,1698906476,,,,,,,,
2023-11-02 11:57:57.440249,tf,NFO,40707,283.15,10.67,1698906477,382.66,8582430,282.60,283.20,75,90,,
2023-11-02 11:57:57.440249,tf,NFO,40707,283.15,10.67,1698906477,382.66,8582430,282.60,283.20,75,90,,
2023-11-02 11:57:57.783264,tf,NFO,40707,283.50,10.81,1698906477,,,,,,,,
2023-11-02 11:57:57.784536,tf,NFO,40707,283.50,10.81,1698906477,,,,,,,,
2023-11-02 11:57:58.638332,tf,NFO,40707,284.50,11.20,1698906478,382.63,8585115,283.90,284.50,180,45,,
2023-11-02 11:57:58.639368,tf,NFO,40707,284.50,11.20,1698906478,382.63,8585115,283.90,284.50,180,45,,
2023-11-02 11:57:58.785774,tf,NFO,40707,283.30,10.73,1698906478,,,,,,,,
2023-11-02 11:57:58.785774,tf,NFO,40707,283.30,10.73,1698906478,,,,,,,,
2023-11-02 11:57:59.442080,tf,NFO,40707,284.10,11.04,1698906479,382.60,8587305,283.55,284.10,30,135,,
2023-11-02 11:57:59.442080,tf,NFO,40707,284.10,11.04,1698906479,382.60,8587305,283.55,284.10,30,135,,
2023-11-02 11:57:59.852722,tf,NFO,40707,284.45,11.18,1698906479,,,,,,,,
2023-11-02 11:57:59.852722,tf,NFO,40707,284.45,11.18,1698906479,,,,,,,,
2023-11-02 11:58:00.447917,tf,NFO,40707,285.10,11.43,1698906480,382.52,8594715,284.45,285.05,45,45,,
2023-11-02 11:58:00.448917,tf,NFO,40707,285.10,11.43,1698906480,382.52,8594715,284.45,285.05,45,45,,
2023-11-02 11:58:00.802123,tf,NFO,40707,284.05,11.02,1698906480,,,,,,,,
2023-11-02 11:58:00.802123,tf,NFO,40707,284.05,11.02,1698906480,,,,,,,,
2023-11-02 11:58:01.647924,tf,NFO,40707,284.20,11.08,1698906481,382.47,8598645,284.10,284.75,30,,,
2023-11-02 11:58:01.647924,tf,NFO,40707,284.20,11.08,1698906481,382.47,8598645,284.10,284.75,30,,,
2023-11-02 11:58:01.786480,tf,NFO,40707,284.45,11.18,1698906481,,,,,,,,
2023-11-02 11:58:01.794773,tf,NFO,40707,284.45,11.18,1698906481,,,,,,,,
2023-11-02 11:58:02.932096,tf,NFO,40707,284.75,11.30,1698906482,,,,,,,,
2023-11-02 11:58:02.933361,tf,NFO,40707,284.75,11.30,1698906482,,,,,,,,
2023-11-02 11:58:03.449049,tf,NFO,40707,284.35,11.14,1698906483,382.41,8604210,,,30,135,,
2023-11-02 11:58:03.449049,tf,NFO,40707,284.35,11.14,1698906483,382.41,8604210,,,30,135,,
2023-11-02 11:58:03.786718,tf,NFO,40707,284.45,11.18,1698906483,,,,,,,,
2023-11-02 11:58:03.788023,tf,NFO,40707,284.45,11.18,1698906483,,,,,,,,
2023-11-02 11:58:04.447559,tf,NFO,40707,284.00,11.00,1698906484,382.38,8607015,284.15,284.70,45,90,,
2023-11-02 11:58:04.448592,tf,NFO,40707,284.00,11.00,1698906484,382.38,8607015,284.15,284.70,45,90,,
2023-11-02 11:58:04.793277,tf,NFO,40707,284.85,11.33,1698906484,,,,,,,,
2023-11-02 11:58:04.794289,tf,NFO,40707,284.85,11.33,1698906484,,,,,,,,
2023-11-02 11:58:05.453025,tf,NFO,40707,284.90,11.35,1698906485,382.37,8607765,,284.40,30,120,,
2023-11-02 11:58:05.454261,tf,NFO,40707,284.90,11.35,1698906485,382.37,8607765,,284.40,30,120,,
2023-11-02 11:58:05.788575,tf,NFO,40707,284.10,11.04,1698906485,,,,,,,,
2023-11-02 11:58:05.788575,tf,NFO,40707,284.10,11.04,1698906485,,,,,,,,
2023-11-02 11:58:06.653423,tf,NFO,40707,284.55,11.22,1698906486,382.34,8610105,283.85,284.35,,15,,
2023-11-02 11:58:06.653423,tf,NFO,40707,284.55,11.22,1698906486,382.34,8610105,283.85,284.35,,15,,
2023-11-02 11:58:06.789972,tf,NFO,40707,284.65,11.26,1698906486,,,,,,,,
2023-11-02 11:58:06.791054,tf,NFO,40707,284.65,11.26,1698906486,,,,,,,,
2023-11-02 11:58:07.790120,tf,NFO,40707,283.85,10.94,1698906487,,,,,,,,
2023-11-02 11:58:07.791142,tf,NFO,40707,283.85,10.94,1698906487,,,,,,,,
2023-11-02 11:58:07.853629,tf,NFO,40707,283.75,10.90,1698906487,382.28,8615400,283.15,283.75,210,240,,
2023-11-02 11:58:07.855123,tf,NFO,40707,283.75,10.90,1698906487,382.28,8615400,283.15,283.75,210,240,,
2023-11-02 11:58:08.454285,tf,NFO,40707,284.05,11.02,1698906488,,8615895,283.40,283.90,510,30,,
2023-11-02 11:58:08.455411,tf,NFO,40707,284.05,11.02,1698906488,,8615895,283.40,283.90,510,30,,
2023-11-02 11:58:08.838864,tf,NFO,40707,284.20,11.08,1698906488,,,,,,,,
2023-11-02 11:58:08.838864,tf,NFO,40707,284.20,11.08,1698906488,,,,,,,,
2023-11-02 11:58:09.791921,tf,NFO,40707,283.65,10.87,1698906489,,,,,,,,
2023-11-02 11:58:09.791921,tf,NFO,40707,283.65,10.87,1698906489,,,,,,,,
2023-11-02 11:58:10.792070,tf,NFO,40707,284.20,11.08,1698906490,,,,,,,,
2023-11-02 11:58:10.796326,tf,NFO,40707,284.20,11.08,1698906490,,,,,,,,
2023-11-02 11:58:11.798693,tf,NFO,40707,284.35,11.14,1698906491,,,,,,,,
2023-11-02 11:58:11.798693,tf,NFO,40707,284.35,11.14,1698906491,,,,,,,,
2023-11-02 11:58:11.859926,tf,NFO,40707,284.05,11.02,1698906491,382.22,8620965,283.60,284.10,90,90,,
2023-11-02 11:58:11.859926,tf,NFO,40707,284.05,11.02,1698906491,382.22,8620965,283.60,284.10,90,90,,
2023-11-02 11:58:12.845113,tf,NFO,40707,282.55,10.44,1698906492,,,,,,,,
2023-11-02 11:58:12.846109,tf,NFO,40707,282.55,10.44,1698906492,,,,,,,,
2023-11-02 11:58:12.860073,tf,NFO,40707,283.35,10.75,1698906492,382.18,8624400,282.70,283.25,75,60,,
2023-11-02 11:58:12.864596,tf,NFO,40707,283.35,10.75,1698906492,382.18,8624400,282.70,283.25,75,60,,
2023-11-02 11:58:13.460903,tf,NFO,40707,283.45,10.79,1698906493,382.17,8625045,283.05,283.60,105,30,,
2023-11-02 11:58:13.465296,tf,NFO,40707,283.45,10.79,1698906493,382.17,8625045,283.05,283.60,105,30,,
2023-11-02 11:58:13.794704,tf,NFO,40707,283.05,10.63,1698906493,,,,,,,,
2023-11-02 11:58:13.798735,tf,NFO,40707,283.05,10.63,1698906493,,,,,,,,
2023-11-02 11:58:14.467273,tf,NFO,40707,283.55,10.83,1698906494,382.15,8627115,282.95,283.50,75,135,,
2023-11-02 11:58:14.470088,tf,NFO,40707,283.55,10.83,1698906494,382.15,8627115,282.95,283.50,75,135,,
2023-11-02 11:58:14.797063,tf,NFO,40707,283.45,10.79,1698906494,,,,,,,,
2023-11-02 11:58:14.805337,tf,NFO,40707,283.45,10.79,1698906494,,,,,,,,
2023-11-02 11:58:15.470636,tf,NFO,40707,283.05,10.63,1698906495,382.14,8627760,282.40,283.00,120,60,,
2023-11-02 11:58:15.472160,tf,NFO,40707,283.05,10.63,1698906495,382.14,8627760,282.40,283.00,120,60,,
2023-11-02 11:58:15.795718,tf,NFO,40707,282.90,10.57,1698906495,,,,,,,,
2023-11-02 11:58:15.798725,tf,NFO,40707,282.90,10.57,1698906495,,,,,,,,
2023-11-02 11:58:16.531886,tf,NFO,40707,284.10,11.04,1698906496,382.12,8629530,284.05,284.20,15,135,,
2023-11-02 11:58:16.531886,tf,NFO,40707,284.10,11.04,1698906496,382.12,8629530,284.05,284.20,15,135,,
2023-11-02 11:58:16.795218,tf,NFO,40707,283.45,10.79,1698906496,,,,,,,,
2023-11-02 11:58:16.798563,tf,NFO,40707,283.45,10.79,1698906496,,,,,,,,
2023-11-02 11:58:17.673144,tf,NFO,40707,283.85,10.94,1698906497,382.07,8633970,283.25,283.90,30,360,,
2023-11-02 11:58:17.673144,tf,NFO,40707,283.85,10.94,1698906497,382.07,8633970,283.25,283.90,30,360,,
2023-11-02 11:58:17.796884,tf,NFO,40707,283.80,10.92,1698906497,,,,,,,,
2023-11-02 11:58:17.796884,tf,NFO,40707,283.80,10.92,1698906497,,,,,,,,
2023-11-02 11:58:18.997181,tf,NFO,40707,284.80,11.32,1698906498,,,,,,,,
2023-11-02 11:58:18.997181,tf,NFO,40707,284.80,11.32,1698906498,,,,,,,,
2023-11-02 11:58:19.000956,tf,NFO,40707,284.95,11.37,1698906498,382.00,8640030,284.50,284.90,630,75,,
2023-11-02 11:58:19.046773,tf,NFO,40707,284.95,11.37,1698906498,382.00,8640030,284.50,284.90,630,75,,
2023-11-02 11:58:19.797191,tf,NFO,40707,284.80,11.32,1698906499,,,,,,,,
2023-11-02 11:58:19.797191,tf,NFO,40707,284.80,11.32,1698906499,,,,,,,,
2023-11-02 11:58:19.874774,tf,NFO,40707,285.00,11.39,1698906499,381.98,8642175,285.00,285.10,15,15,,
2023-11-02 11:58:19.874774,tf,NFO,40707,285.00,11.39,1698906499,381.98,8642175,285.00,285.10,15,15,,
2023-11-02 11:58:20.832076,tf,NFO,40707,286.15,11.84,1698906500,,,,,,,,
2023-11-02 11:58:20.833186,tf,NFO,40707,286.15,11.84,1698906500,,,,,,,,
2023-11-02 11:58:20.874221,tf,NFO,40707,286.50,11.98,1698906500,381.94,8645625,286.50,286.55,,90,,
2023-11-02 11:58:20.875255,tf,NFO,40707,286.50,11.98,1698906500,381.94,8645625,286.50,286.55,,90,,
2023-11-02 11:58:21.798353,tf,NFO,40707,287.60,12.41,1698906501,,,,,,,,
2023-11-02 11:58:21.798353,tf,NFO,40707,287.60,12.41,1698906501,,,,,,,,
2023-11-02 11:58:21.876571,tf,NFO,40707,287.95,12.55,1698906501,381.87,8651670,287.60,287.95,60,60,,
2023-11-02 11:58:21.876571,tf,NFO,40707,287.95,12.55,1698906501,381.87,8651670,287.60,287.95,60,60,,
2023-11-02 11:58:22.797993,tf,NFO,40707,286.35,11.92,1698906502,,,,,,,,
2023-11-02 11:58:22.800996,tf,NFO,40707,286.35,11.92,1698906502,,,,,,,,
2023-11-02 11:58:22.879951,tf,NFO,40707,287.35,12.31,1698906502,381.85,8654100,286.80,287.35,15,120,,
2023-11-02 11:58:22.881464,tf,NFO,40707,287.35,12.31,1698906502,381.85,8654100,286.80,287.35,15,120,,
2023-11-02 11:58:23.903982,tf,NFO,40707,286.60,12.02,1698906503,,,,,,,,
2023-11-02 11:58:23.905216,tf,NFO,40707,286.60,12.02,1698906503,,,,,,,,
2023-11-02 11:58:24.800755,tf,NFO,40707,287.05,12.19,1698906504,,,,,,,,
2023-11-02 11:58:24.800755,tf,NFO,40707,287.05,12.19,1698906504,,,,,,,,
2023-11-02 11:58:24.881028,tf,NFO,40707,286.95,12.16,1698906504,381.70,8667375,286.60,287.00,15,195,,
2023-11-02 11:58:24.882018,tf,NFO,40707,286.95,12.16,1698906504,381.70,8667375,286.60,287.00,15,195,,
2023-11-02 11:58:25.481913,tf,NFO,40707,286.90,12.14,1698906505,381.68,8669610,287.00,287.55,75,45,,
2023-11-02 11:58:25.483084,tf,NFO,40707,286.90,12.14,1698906505,381.68,8669610,287.00,287.55,75,45,,
2023-11-02 11:58:25.801168,tf,NFO,40707,287.90,12.53,1698906505,,,,,,,,
2023-11-02 11:58:25.801168,tf,NFO,40707,287.90,12.53,1698906505,,,,,,,,
2023-11-02 11:58:26.487007,tf,NFO,40707,287.00,12.18,1698906506,381.63,8674260,287.05,287.70,15,240,,
2023-11-02 11:58:26.496043,tf,NFO,40707,287.00,12.18,1698906506,381.63,8674260,287.05,287.70,15,240,,
2023-11-02 11:58:26.801064,tf,NFO,40707,287.25,12.27,1698906506,,,,,,,,
2023-11-02 11:58:26.811626,tf,NFO,40707,287.25,12.27,1698906506,,,,,,,,
2023-11-02 11:58:27.483357,tf,NFO,40707,288.55,12.78,1698906507,381.58,8678730,288.75,289.20,105,300,,
2023-11-02 11:58:27.485500,tf,NFO,40707,288.55,12.78,1698906507,381.58,8678730,288.75,289.20,105,300,,
2023-11-02 11:58:27.801199,tf,NFO,40707,289.05,12.98,1698906507,,,,,,,,
2023-11-02 11:58:27.802239,tf,NFO,40707,289.05,12.98,1698906507,,,,,,,,
2023-11-02 11:58:28.486679,tf,NFO,40707,288.40,12.72,1698906508,381.54,8682150,287.60,288.05,30,60,,
2023-11-02 11:58:28.487968,tf,NFO,40707,288.40,12.72,1698906508,381.54,8682150,287.60,288.05,30,60,,
2023-11-02 11:58:28.802517,tf,NFO,40707,289.35,13.09,1698906508,,,,,,,,
2023-11-02 11:58:28.802517,tf,NFO,40707,289.35,13.09,1698906508,,,,,,,,
2023-11-02 11:58:29.489269,tf,NFO,40707,288.50,12.76,1698906509,381.48,8687805,288.65,289.30,45,15,,
2023-11-02 11:58:29.490773,tf,NFO,40707,288.50,12.76,1698906509,381.48,8687805,288.65,289.30,45,15,,
2023-11-02 11:58:29.802955,tf,NFO,40707,287.65,12.43,1698906509,,,,,,,,
2023-11-02 11:58:29.802955,tf,NFO,40707,287.65,12.43,1698906509,,,,,,,,
2023-11-02 11:58:30.899624,tf,NFO,40707,286.70,12.06,1698906510,381.42,8693490,286.65,287.30,60,105,,
2023-11-02 11:58:30.900131,tf,NFO,40707,286.70,12.06,1698906510,381.42,8693490,286.65,287.30,60,105,,
2023-11-02 11:58:31.013172,tf,NFO,40707,288.10,12.61,1698906510,,,,,,,,
2023-11-02 11:58:31.013172,tf,NFO,40707,288.10,12.61,1698906510,,,,,,,,
2023-11-02 11:58:31.490297,tf,NFO,40707,288.35,12.70,1698906511,381.36,8699250,288.30,288.90,15,405,,
2023-11-02 11:58:31.490297,tf,NFO,40707,288.35,12.70,1698906511,381.36,8699250,288.30,288.90,15,405,,
2023-11-02 11:58:31.818521,tf,NFO,40707,288.65,12.82,1698906511,,,,,,,,
2023-11-02 11:58:31.818521,tf,NFO,40707,288.65,12.82,1698906511,,,,,,,,
2023-11-02 11:58:32.498857,tf,NFO,40707,287.55,12.39,1698906512,381.32,8703195,287.50,288.10,210,75,,
2023-11-02 11:58:32.500371,tf,NFO,40707,287.55,12.39,1698906512,381.32,8703195,287.50,288.10,210,75,,
2023-11-02 11:58:32.802882,tf,NFO,40707,287.65,12.43,1698906512,,,,,,,,
2023-11-02 11:58:32.810807,tf,NFO,40707,287.65,12.43,1698906512,,,,,,,,
2023-11-02 11:58:33.697690,tf,NFO,40707,288.35,12.70,1698906513,381.28,8706375,288.00,288.35,15,,,
2023-11-02 11:58:33.697690,tf,NFO,40707,288.35,12.70,1698906513,381.28,8706375,288.00,288.35,15,,,
2023-11-02 11:58:33.803206,tf,NFO,40707,287.85,12.51,1698906513,,,,,,,,
2023-11-02 11:58:33.803206,tf,NFO,40707,287.85,12.51,1698906513,,,,,,,,
2023-11-02 11:58:34.803176,tf,NFO,40707,288.10,12.61,1698906514,,,,,,,,
2023-11-02 11:58:34.805670,tf,NFO,40707,288.10,12.61,1698906514,,,,,,,,
2023-11-02 11:58:35.499086,tf,NFO,40707,288.40,12.72,1698906515,381.23,8711535,288.35,288.85,15,30,,
2023-11-02 11:58:35.500093,tf,NFO,40707,288.40,12.72,1698906515,381.23,8711535,288.35,288.85,15,30,,
2023-11-02 11:58:35.803171,tf,NFO,40707,288.50,12.76,1698906515,,,,,,,,
2023-11-02 11:58:35.804453,tf,NFO,40707,288.50,12.76,1698906515,,,,,,,,
2023-11-02 11:58:36.499283,tf,NFO,40707,289.25,13.05,1698906516,381.20,8714040,288.80,289.25,45,90,,
2023-11-02 11:58:36.501881,tf,NFO,40707,289.25,13.05,1698906516,381.20,8714040,288.80,289.25,45,90,,
2023-11-02 11:58:36.804231,tf,NFO,40707,288.85,12.90,1698906516,,,,,,,,
2023-11-02 11:58:36.804231,tf,NFO,40707,288.85,12.90,1698906516,,,,,,,,
2023-11-02 11:58:37.506074,tf,NFO,40707,288.50,12.76,1698906517,381.16,8717700,288.35,288.75,15,135,,
2023-11-02 11:58:37.507080,tf,NFO,40707,288.50,12.76,1698906517,381.16,8717700,288.35,288.75,15,135,,
2023-11-02 11:58:37.808418,tf,NFO,40707,289.20,13.03,1698906517,,,,,,,,
2023-11-02 11:58:37.812445,tf,NFO,40707,289.20,13.03,1698906517,,,,,,,,
2023-11-02 11:58:38.703673,tf,NFO,40707,289.00,12.96,1698906518,381.11,8722650,288.50,288.95,135,120,,
2023-11-02 11:58:38.707665,tf,NFO,40707,289.00,12.96,1698906518,381.11,8722650,288.50,288.95,135,120,,
2023-11-02 11:58:39.812600,tf,NFO,40707,288.65,12.82,1698906519,,,,,,,,
2023-11-02 11:58:39.812600,tf,NFO,40707,288.65,12.82,1698906519,,,,,,,,
2023-11-02 11:58:39.903874,tf,NFO,40707,288.00,12.57,1698906519,381.07,8726595,287.95,288.60,30,525,,
2023-11-02 11:58:39.903874,tf,NFO,40707,288.00,12.57,1698906519,381.07,8726595,287.95,288.60,30,525,,
2023-11-02 11:58:40.505060,tf,NFO,40707,288.10,12.61,1698906520,381.02,8730885,288.10,288.70,90,90,,
2023-11-02 11:58:40.506082,tf,NFO,40707,288.10,12.61,1698906520,381.02,8730885,288.10,288.70,90,90,,
2023-11-02 11:58:40.809069,tf,NFO,40707,287.90,12.53,1698906520,,,,,,,,
2023-11-02 11:58:40.809069,tf,NFO,40707,287.90,12.53,1698906520,,,,,,,,
2023-11-02 11:58:41.512081,tf,NFO,40707,287.40,12.33,1698906521,380.99,8733525,287.40,287.80,45,15,,
2023-11-02 11:58:41.512081,tf,NFO,40707,287.40,12.33,1698906521,380.99,8733525,287.40,287.80,45,15,,
2023-11-02 11:58:41.810057,tf,NFO,40707,287.15,12.23,1698906521,,,,,,,,
2023-11-02 11:58:41.810057,tf,NFO,40707,287.15,12.23,1698906521,,,,,,,,
2023-11-02 11:58:42.710204,tf,NFO,40707,288.05,12.59,1698906522,380.94,8738715,287.50,288.15,,120,,
2023-11-02 11:58:42.711204,tf,NFO,40707,288.05,12.59,1698906522,380.94,8738715,287.50,288.15,,120,,
2023-11-02 11:58:42.810911,tf,NFO,40707,287.45,12.35,1698906522,,,,,,,,
2023-11-02 11:58:42.810911,tf,NFO,40707,287.45,12.35,1698906522,,,,,,,,
2023-11-02 11:58:43.810824,tf,NFO,40707,289.40,13.11,1698906523,,,,,,,,
2023-11-02 11:58:43.918610,tf,NFO,40707,288.75,12.86,1698906523,380.90,8742360,288.75,289.10,,75,,
2023-11-02 11:58:44.997993,tf,NFO,40707,288.80,12.88,1698906524,,,,,,,,
2023-11-02 11:58:45.002124,tf,NFO,40707,288.70,12.84,1698906524,380.88,8743980,288.70,289.25,,30,,
2023-11-02 11:58:45.968505,tf,NFO,40707,288.05,12.59,1698906525,,,,,,,,
2023-11-02 11:58:46.715803,tf,NFO,40707,288.20,12.64,1698906526,380.86,8745690,288.40,288.75,105,180,,
2023-11-02 11:58:46.813094,tf,NFO,40707,288.40,12.72,1698906526,,,,,,,,
2023-11-02 11:58:47.815028,tf,NFO,40707,287.80,12.49,1698906527,,,,,,,,
2023-11-02 11:58:47.917103,tf,NFO,40707,288.20,12.64,1698906527,380.82,8749560,287.75,288.40,30,15,,
2023-11-02 11:58:49.094904,tf,NFO,40707,288.15,12.62,1698906528,,,,,,,,
2023-11-02 11:58:49.097253,tf,NFO,40707,288.35,12.70,1698906528,380.73,8758155,288.10,,,75,,
2023-11-02 11:58:49.518143,tf,NFO,40707,288.00,12.57,1698906529,380.72,8759115,288.05,288.35,,135,,
2023-11-02 11:58:49.815314,tf,NFO,40707,288.25,12.66,1698906529,,,,,,,,
2023-11-02 11:58:50.527832,tf,NFO,40707,288.60,12.80,1698906530,380.68,8763555,288.20,288.60,75,75,,
2023-11-02 11:58:50.816283,tf,NFO,40707,288.25,12.66,1698906530,,,,,,,,
2023-11-02 11:58:51.727678,tf,NFO,40707,287.15,12.23,1698906531,380.51,8779530,287.15,287.50,30,60,,
2023-11-02 11:58:51.818749,tf,NFO,40707,287.50,12.37,1698906531,,,,,,,,
2023-11-02 11:58:52.524686,tf,NFO,40707,287.65,12.43,1698906532,380.49,8780685,286.50,286.85,90,15,,
2023-11-02 11:58:52.818762,tf,NFO,40707,286.00,11.78,1698906532,,,,,,,,
2023-11-02 11:58:53.534077,tf,NFO,40707,286.50,11.98,1698906533,380.47,8783265,286.10,286.60,45,30,,
2023-11-02 11:58:53.818266,tf,NFO,40707,286.05,11.80,1698906533,,,,,,,,
2023-11-02 11:58:54.727991,tf,NFO,40707,286.90,12.14,1698906534,380.44,8786010,286.35,286.95,15,,,
2023-11-02 11:58:54.894665,tf,NFO,40707,286.90,12.14,1698906534,380.44,8786010,286.35,286.95,15,,,
2023-11-02 11:58:55.853318,tf,NFO,40707,286.55,12.00,1698906535,380.40,8789550,286.55,287.05,75,45,,
2023-11-02 11:58:55.853318,tf,NFO,40707,286.55,12.00,1698906535,380.40,8789550,286.55,287.05,75,45,,
2023-11-02 11:58:55.855722,tf,NFO,40707,287.20,12.25,1698906535,,,,,,,,
2023-11-02 11:58:55.856814,tf,NFO,40707,287.20,12.25,1698906535,,,,,,,,
2023-11-02 11:58:57.042654,tf,NFO,40707,287.05,12.19,1698906536,,,,,,,,
2023-11-02 11:58:57.042654,tf,NFO,40707,287.05,12.19,1698906536,,,,,,,,
2023-11-02 11:58:57.046744,tf,NFO,40707,287.45,12.35,1698906536,380.39,8790885,286.90,287.50,30,720,,
2023-11-02 11:58:57.047749,tf,NFO,40707,287.45,12.35,1698906536,380.39,8790885,286.90,287.50,30,720,,
2023-11-02 11:58:57.535547,tf,NFO,40707,287.15,12.23,1698906537,380.37,8791950,287.15,287.80,120,255,,
2023-11-02 11:58:57.536930,tf,NFO,40707,287.15,12.23,1698906537,380.37,8791950,287.15,287.80,120,255,,
2023-11-02 11:58:57.822083,tf,NFO,40707,286.50,11.98,1698906537,,,,,,,,
2023-11-02 11:58:57.822083,tf,NFO,40707,286.50,11.98,1698906537,,,,,,,,
2023-11-02 11:58:58.737983,tf,NFO,40707,287.20,12.25,1698906538,380.34,8795010,,287.65,,120,,
2023-11-02 11:58:58.738991,tf,NFO,40707,287.20,12.25,1698906538,380.34,8795010,,287.65,,120,,
2023-11-02 11:58:58.822440,tf,NFO,40707,287.50,12.37,1698906538,,,,,,,,
2023-11-02 11:58:58.822440,tf,NFO,40707,287.50,12.37,1698906538,,,,,,,,
2023-11-02 11:58:59.823418,tf,NFO,40707,287.35,12.31,1698906539,,,,,,,,
2023-11-02 11:58:59.824765,tf,NFO,40707,287.35,12.31,1698906539,,,,,,,,
2023-11-02 11:59:00.138725,tf,NFO,40707,286.80,12.10,1698906539,380.33,8796540,286.85,287.40,,90,,
2023-11-02 11:59:00.147688,tf,NFO,40707,286.80,12.10,1698906539,380.33,8796540,286.85,287.40,,90,,
2023-11-02 11:59:00.539101,tf,NFO,40707,287.65,12.43,1698906540,380.29,8799465,287.60,287.65,45,195,,
2023-11-02 11:59:00.541108,tf,NFO,40707,287.65,12.43,1698906540,380.29,8799465,287.60,287.65,45,195,,
2023-11-02 11:59:00.823799,tf,NFO,40707,287.15,12.23,1698906540,,,,,,,,
2023-11-02 11:59:00.823799,tf,NFO,40707,287.15,12.23,1698906540,,,,,,,,
2023-11-02 11:59:01.930725,tf,NFO,40707,288.40,12.72,1698906541,380.27,8802105,287.95,288.40,15,90,,
2023-11-02 11:59:01.930725,tf,NFO,40707,288.40,12.72,1698906541,380.27,8802105,287.95,288.40,15,90,,
2023-11-02 11:59:02.580797,tf,NFO,40707,288.10,12.61,1698906542,380.25,8804040,287.70,288.10,,,,
2023-11-02 11:59:02.581875,tf,NFO,40707,288.10,12.61,1698906542,380.25,8804040,287.70,288.10,,,,
2023-11-02 11:59:02.834391,tf,NFO,40707,288.05,12.59,1698906542,,,,,,,,
2023-11-02 11:59:02.835389,tf,NFO,40707,288.05,12.59,1698906542,,,,,,,,
2023-11-02 11:59:03.549174,tf,NFO,40707,287.90,12.53,1698906543,380.23,8805555,287.90,288.45,330,15,,
2023-11-02 11:59:03.549174,tf,NFO,40707,287.90,12.53,1698906543,380.23,8805555,287.90,288.45,330,15,,
2023-11-02 11:59:03.874333,tf,NFO,40707,288.85,12.90,1698906543,,,,,,,,
2023-11-02 11:59:03.946193,tf,NFO,40707,288.85,12.90,1698906543,,,,,,,,
2023-11-02 11:59:04.550186,tf,NFO,40707,288.90,12.92,1698906544,380.20,8808285,288.40,288.95,645,240,,
2023-11-02 11:59:04.550186,tf,NFO,40707,288.90,12.92,1698906544,380.20,8808285,288.40,288.95,645,240,,
2023-11-02 11:59:04.829116,tf,NFO,40707,288.95,12.94,1698906544,,,,,,,,
2023-11-02 11:59:04.829116,tf,NFO,40707,288.95,12.94,1698906544,,,,,,,,
2023-11-02 11:59:05.751055,tf,NFO,40707,288.50,12.76,1698906545,380.18,8810220,288.20,288.50,15,105,,
2023-11-02 11:59:05.752286,tf,NFO,40707,288.50,12.76,1698906545,380.18,8810220,288.20,288.50,15,105,,
2023-11-02 11:59:05.833262,tf,NFO,40707,288.00,12.57,1698906545,,,,,,,,
2023-11-02 11:59:05.836256,tf,NFO,40707,288.00,12.57,1698906545,,,,,,,,
2023-11-02 11:59:06.829922,tf,NFO,40707,288.05,12.59,1698906546,,,,,,,,
2023-11-02 11:59:06.830434,tf,NFO,40707,288.05,12.59,1698906546,,,,,,,,
2023-11-02 11:59:06.952277,tf,NFO,40707,287.20,12.25,1698906546,380.15,8813025,287.00,287.35,75,,,
2023-11-02 11:59:06.953029,tf,NFO,40707,287.20,12.25,1698906546,380.15,8813025,287.00,287.35,75,,,
2023-11-02 11:59:07.552519,tf,NFO,40707,287.90,12.53,1698906547,,8813190,287.45,287.90,60,15,,
2023-11-02 11:59:07.552519,tf,NFO,40707,287.90,12.53,1698906547,,8813190,287.45,287.90,60,15,,
2023-11-02 11:59:07.829276,tf,NFO,40707,287.05,12.19,1698906547,,,,,,,,
2023-11-02 11:59:07.838912,tf,NFO,40707,287.05,12.19,1698906547,,,,,,,,
2023-11-02 11:59:08.752179,tf,NFO,40707,288.00,12.57,1698906548,380.12,8815830,287.35,287.95,180,135,,
2023-11-02 11:59:08.754576,tf,NFO,40707,288.00,12.57,1698906548,380.12,8815830,287.35,287.95,180,135,,
2023-11-02 11:59:09.757549,tf,NFO,40707,286.95,12.16,1698906549,,8816475,287.10,287.55,60,75,,
2023-11-02 11:59:09.759545,tf,NFO,40707,286.95,12.16,1698906549,,8816475,287.10,287.55,60,75,,
2023-11-02 11:59:09.832173,tf,NFO,40707,286.50,11.98,1698906549,,,,,,,,
2023-11-02 11:59:09.836698,tf,NFO,40707,286.50,11.98,1698906549,,,,,,,,
2023-11-02 11:59:10.830915,tf,NFO,40707,286.00,11.78,1698906550,,,,,,,,
2023-11-02 11:59:10.834020,tf,NFO,40707,286.00,11.78,1698906550,,,,,,,,
2023-11-02 11:59:10.957916,tf,NFO,40707,285.60,11.63,1698906550,380.07,8820855,285.60,286.15,75,90,,
2023-11-02 11:59:10.959373,tf,NFO,40707,285.60,11.63,1698906550,380.07,8820855,285.60,286.15,75,90,,
2023-11-02 11:59:11.590839,tf,NFO,40707,284.80,11.32,1698906551,379.96,8830935,285.05,285.60,240,45,,
2023-11-02 11:59:11.590839,tf,NFO,40707,284.80,11.32,1698906551,379.96,8830935,285.05,285.60,240,45,,
2023-11-02 11:59:11.831712,tf,NFO,40707,285.80,11.71,1698906551,,,,,,,,
2023-11-02 11:59:11.833298,tf,NFO,40707,285.80,11.71,1698906551,,,,,,,,
2023-11-02 11:59:12.799122,tf,NFO,40707,286.40,11.94,1698906552,379.92,8834535,285.65,286.20,45,30,,
2023-11-02 11:59:12.800122,tf,NFO,40707,286.40,11.94,1698906552,379.92,8834535,285.65,286.20,45,30,,
2023-11-02 11:59:12.839987,tf,NFO,40707,286.25,11.88,1698906552,,,,,,,,
2023-11-02 11:59:12.839987,tf,NFO,40707,286.25,11.88,1698906552,,,,,,,,
2023-11-02 11:59:13.833448,tf,NFO,40707,285.50,11.59,1698906553,,,,,,,,
2023-11-02 11:59:13.835440,tf,NFO,40707,285.50,11.59,1698906553,,,,,,,,
2023-11-02 11:59:13.962588,tf,NFO,40707,286.30,11.90,1698906553,379.91,8835870,285.75,285.85,135,120,,
2023-11-02 11:59:13.963376,tf,NFO,40707,286.30,11.90,1698906553,379.91,8835870,285.75,285.85,135,120,,
2023-11-02 11:59:14.563307,tf,NFO,40707,286.15,11.84,1698906554,379.90,8836815,285.65,286.15,60,15,,
2023-11-02 11:59:14.564403,tf,NFO,40707,286.15,11.84,1698906554,379.90,8836815,285.65,286.15,60,15,,
2023-11-02 11:59:14.840986,tf,NFO,40707,285.65,11.65,1698906554,,,,,,,,
2023-11-02 11:59:14.849118,tf,NFO,40707,285.65,11.65,1698906554,,,,,,,,
2023-11-02 11:59:15.835813,tf,NFO,40707,285.30,11.51,1698906555,,,,,,,,
2023-11-02 11:59:15.836814,tf,NFO,40707,285.30,11.51,1698906555,,,,,,,,
2023-11-02 11:59:16.769262,tf,NFO,40707,285.20,11.47,1698906556,379.87,8839800,284.70,285.15,,225,,
2023-11-02 11:59:16.769262,tf,NFO,40707,285.20,11.47,1698906556,379.87,8839800,284.70,285.15,,225,,
2023-11-02 11:59:16.837067,tf,NFO,40707,285.10,11.43,1698906556,,,,,,,,
2023-11-02 11:59:16.838068,tf,NFO,40707,285.10,11.43,1698906556,,,,,,,,
2023-11-02 11:59:17.836484,tf,NFO,40707,285.25,11.49,1698906557,,,,,,,,
2023-11-02 11:59:17.837503,tf,NFO,40707,285.25,11.49,1698906557,,,,,,,,
2023-11-02 11:59:17.971230,tf,NFO,40707,285.30,11.51,1698906557,379.84,8842365,284.75,285.25,75,30,,
2023-11-02 11:59:17.979073,tf,NFO,40707,285.30,11.51,1698906557,379.84,8842365,284.75,285.25,75,30,,
2023-11-02 11:59:18.570345,tf,NFO,40707,282.45,10.40,1698906558,379.81,8844960,282.45,282.95,135,,,
2023-11-02 11:59:18.571911,tf,NFO,40707,282.45,10.40,1698906558,379.81,8844960,282.45,282.95,135,,,
2023-11-02 11:59:18.838858,tf,NFO,40707,282.70,10.49,1698906558,,,,,,,,
2023-11-02 11:59:18.848839,tf,NFO,40707,282.70,10.49,1698906558,,,,,,,,
2023-11-02 11:59:19.608743,tf,NFO,40707,283.20,10.69,1698906559,379.77,8848785,283.15,283.60,75,60,,
2023-11-02 11:59:19.610258,tf,NFO,40707,283.20,10.69,1698906559,379.77,8848785,283.15,283.60,75,60,,
2023-11-02 11:59:19.839232,tf,NFO,40707,283.70,10.89,1698906559,,,,,,,,
2023-11-02 11:59:19.840244,tf,NFO,40707,283.70,10.89,1698906559,,,,,,,,
2023-11-02 11:59:20.631771,tf,NFO,40707,283.00,10.61,1698906560,379.73,8852160,282.40,283.00,225,30,,
2023-11-02 11:59:20.671145,tf,NFO,40707,283.00,10.61,1698906560,379.73,8852160,282.40,283.00,225,30,,
2023-11-02 11:59:20.837655,tf,NFO,40707,282.65,10.47,1698906560,,,,,,,,
2023-11-02 11:59:20.873168,tf,NFO,40707,282.65,10.47,1698906560,,,,,,,,
2023-11-02 11:59:21.879614,tf,NFO,40707,282.55,10.44,1698906561,379.70,8855145,281.75,282.20,15,15,,
2023-11-02 11:59:21.880130,tf,NFO,40707,282.55,10.44,1698906561,379.70,8855145,281.75,282.20,15,15,,
2023-11-02 11:59:21.884334,tf,NFO,40707,281.80,10.14,1698906561,,,,,,,,
2023-11-02 11:59:21.885350,tf,NFO,40707,281.80,10.14,1698906561,,,,,,,,
2023-11-02 11:59:22.838964,tf,NFO,40707,282.35,10.36,1698906562,,,,,,,,
2023-11-02 11:59:22.889500,tf,NFO,40707,282.35,10.36,1698906562,,,,,,,,
2023-11-02 11:59:23.082526,tf,NFO,40707,283.45,10.79,1698906562,379.66,8859015,283.30,283.40,30,120,,
2023-11-02 11:59:23.084299,tf,NFO,40707,283.45,10.79,1698906562,379.66,8859015,283.30,283.40,30,120,,
2023-11-02 11:59:23.838912,tf,NFO,40707,283.05,10.63,1698906563,,,,,,,,
2023-11-02 11:59:23.840435,tf,NFO,40707,283.05,10.63,1698906563,,,,,,,,
2023-11-02 11:59:23.982489,tf,NFO,40707,282.75,10.51,1698906563,379.63,8861715,282.05,282.60,45,405,,
2023-11-02 11:59:23.983561,tf,NFO,40707,282.75,10.51,1698906563,379.63,8861715,282.05,282.60,45,405,,
2023-11-02 11:59:24.580831,tf,NFO,40707,283.40,10.77,1698906564,,8861895,282.80,283.40,150,435,,
2023-11-02 11:59:24.636863,tf,NFO,40707,283.40,10.77,1698906564,,8861895,282.80,283.40,150,435,,
2023-11-02 11:59:24.840240,tf,NFO,40707,282.40,10.38,1698906564,,,,,,,,
2023-11-02 11:59:24.849569,tf,NFO,40707,282.40,10.38,1698906564,,,,,,,,
2023-11-02 11:59:25.965983,tf,NFO,40707,283.40,10.77,1698906565,379.60,8863935,283.20,283.35,60,45,,
2023-11-02 11:59:25.965983,tf,NFO,40707,283.40,10.77,1698906565,379.60,8863935,283.20,283.35,60,45,,
2023-11-02 11:59:25.968805,tf,NFO,40707,283.20,10.69,1698906565,,,,,,,,
2023-11-02 11:59:25.968805,tf,NFO,40707,283.20,10.69,1698906565,,,,,,,,
2023-11-02 11:59:26.990925,tf,NFO,40707,283.50,10.81,1698906566,,,,,,,,
2023-11-02 11:59:26.992310,tf,NFO,40707,283.50,10.81,1698906566,,,,,,,,
2023-11-02 11:59:26.995906,tf,NFO,40707,282.50,10.42,1698906566,379.59,8865435,282.30,282.85,150,,,
2023-11-02 11:59:26.996904,tf,NFO,40707,282.50,10.42,1698906566,379.59,8865435,282.30,282.85,150,,,
2023-11-02 11:59:27.581024,tf,NFO,40707,282.85,10.55,1698906567,379.58,8865915,,,135,150,,
2023-11-02 11:59:27.582444,tf,NFO,40707,282.85,10.55,1698906567,379.58,8865915,,,135,150,,
2023-11-02 11:59:27.840476,tf,NFO,40707,282.40,10.38,1698906567,,,,,,,,
2023-11-02 11:59:27.841554,tf,NFO,40707,282.40,10.38,1698906567,,,,,,,,
2023-11-02 11:59:28.588404,tf,NFO,40707,282.00,10.22,1698906568,379.56,8868195,281.55,282.15,,75,,
2023-11-02 11:59:28.616574,tf,NFO,40707,282.00,10.22,1698906568,379.56,8868195,281.55,282.15,,75,,
2023-11-02 11:59:28.841865,tf,NFO,40707,281.55,10.04,1698906568,,,,,,,,
2023-11-02 11:59:28.875690,tf,NFO,40707,281.55,10.04,1698906568,,,,,,,,
2023-11-02 11:59:29.788493,tf,NFO,40707,281.50,10.03,1698906569,379.54,8869710,281.40,281.80,45,45,,
2023-11-02 11:59:29.790990,tf,NFO,40707,281.50,10.03,1698906569,379.54,8869710,281.40,281.80,45,45,,
2023-11-02 11:59:29.842953,tf,NFO,40707,281.15,9.89,1698906569,,,,,,,,
2023-11-02 11:59:29.843997,tf,NFO,40707,281.15,9.89,1698906569,,,,,,,,
2023-11-02 11:59:30.586708,tf,NFO,40707,281.00,9.83,1698906570,379.48,8874930,280.80,281.25,15,75,,
2023-11-02 11:59:30.602439,tf,NFO,40707,281.00,9.83,1698906570,379.48,8874930,280.80,281.25,15,75,,
2023-11-02 11:59:31.285090,tf,NFO,40707,281.55,10.04,1698906570,,,,,,,,
2023-11-02 11:59:31.286490,tf,NFO,40707,281.55,10.04,1698906570,,,,,,,,
2023-11-02 11:59:31.588676,tf,NFO,40707,281.60,10.06,1698906571,379.46,8876655,281.60,281.80,120,120,,
2023-11-02 11:59:31.596820,tf,NFO,40707,281.60,10.06,1698906571,379.46,8876655,281.60,281.80,120,120,,
2023-11-02 11:59:31.850476,tf,NFO,40707,282.30,10.34,1698906571,,,,,,,,
2023-11-02 11:59:31.854443,tf,NFO,40707,282.30,10.34,1698906571,,,,,,,,
2023-11-02 11:59:32.590835,tf,NFO,40707,281.65,10.08,1698906572,,8877270,281.65,282.00,435,135,,
2023-11-02 11:59:32.596197,tf,NFO,40707,281.65,10.08,1698906572,,8877270,281.65,282.00,435,135,,
2023-11-02 11:59:32.850812,tf,NFO,40707,282.00,10.22,1698906572,,,,,,,,
2023-11-02 11:59:32.851853,tf,NFO,40707,282.00,10.22,1698906572,,,,,,,,
2023-11-02 11:59:33.622029,tf,NFO,40707,280.35,9.58,1698906573,379.42,8880510,280.45,280.85,45,15,,
2023-11-02 11:59:33.623275,tf,NFO,40707,280.35,9.58,1698906573,379.42,8880510,280.45,280.85,45,15,,
2023-11-02 11:59:33.842716,tf,NFO,40707,280.50,9.63,1698906573,,,,,,,,
2023-11-02 11:59:33.844770,tf,NFO,40707,280.50,9.63,1698906573,,,,,,,,
2023-11-02 11:59:34.800909,tf,NFO,40707,280.00,9.44,1698906574,379.41,8881755,280.00,280.40,1620,30,,
2023-11-02 11:59:34.833111,tf,NFO,40707,280.00,9.44,1698906574,379.41,8881755,280.00,280.40,1620,30,,
2023-11-02 11:59:34.850256,tf,NFO,40707,280.45,9.62,1698906574,,,,,,,,
2023-11-02 11:59:34.853438,tf,NFO,40707,280.45,9.62,1698906574,,,,,,,,
2023-11-02 11:59:35.857430,tf,NFO,40707,279.80,9.36,1698906575,,,,,,,,
2023-11-02 11:59:35.858674,tf,NFO,40707,279.80,9.36,1698906575,,,,,,,,
2023-11-02 11:59:36.001818,tf,NFO,40707,280.15,9.50,1698906575,379.37,8885250,279.65,280.15,180,75,,
2023-11-02 11:59:36.005747,tf,NFO,40707,280.15,9.50,1698906575,379.37,8885250,279.65,280.15,180,75,,
2023-11-02 11:59:36.611098,tf,NFO,40707,279.65,9.30,1698906576,379.35,8886465,279.50,279.70,60,15,,
2023-11-02 11:59:36.664847,tf,NFO,40707,279.65,9.30,1698906576,379.35,8886465,279.50,279.70,60,15,,
2023-11-02 11:59:36.844831,tf,NFO,40707,279.20,9.13,1698906576,,,,,,,,
2023-11-02 11:59:36.887273,tf,NFO,40707,279.20,9.13,1698906576,,,,,,,,
2023-11-02 11:59:37.635046,tf,NFO,40707,279.30,9.17,1698906577,379.32,8889045,279.35,279.90,105,450,,
2023-11-02 11:59:37.638247,tf,NFO,40707,279.30,9.17,1698906577,379.32,8889045,279.35,279.90,105,450,,
2023-11-02 11:59:37.854395,tf,NFO,40707,279.85,9.38,1698906577,,,,,,,,
2023-11-02 11:59:37.867493,tf,NFO,40707,279.85,9.38,1698906577,,,,,,,,
2023-11-02 11:59:38.608058,tf,NFO,40707,280.00,9.44,1698906578,379.29,8891970,279.70,279.95,210,15,,
2023-11-02 11:59:38.624580,tf,NFO,40707,280.00,9.44,1698906578,379.29,8891970,279.70,279.95,210,15,,
2023-11-02 11:59:38.845597,tf,NFO,40707,279.65,9.30,1698906578,,,,,,,,
2023-11-02 11:59:38.846763,tf,NFO,40707,279.65,9.30,1698906578,,,,,,,,
2023-11-02 11:59:39.808179,tf,NFO,40707,280.40,9.60,1698906579,379.27,8894220,280.00,280.40,15,60,,
2023-11-02 11:59:39.811963,tf,NFO,40707,280.40,9.60,1698906579,379.27,8894220,280.00,280.40,15,60,,
2023-11-02 11:59:39.847616,tf,NFO,40707,279.85,9.38,1698906579,,,,,,,,
2023-11-02 11:59:39.850457,tf,NFO,40707,279.85,9.38,1698906579,,,,,,,,
2023-11-02 11:59:40.611208,tf,NFO,40707,279.80,9.36,1698906580,379.25,8895840,279.80,280.35,150,30,,
2023-11-02 11:59:40.654072,tf,NFO,40707,279.80,9.36,1698906580,379.25,8895840,279.80,280.35,150,30,,
2023-11-02 11:59:40.858896,tf,NFO,40707,282.00,10.22,1698906580,,,,,,,,
2023-11-02 11:59:40.882409,tf,NFO,40707,282.00,10.22,1698906580,,,,,,,,
2023-11-02 11:59:41.611347,tf,NFO,40707,281.95,10.20,1698906581,379.22,8898030,281.40,281.90,15,,,
2023-11-02 11:59:41.613409,tf,NFO,40707,281.95,10.20,1698906581,379.22,8898030,281.40,281.90,15,,,
2023-11-02 11:59:41.847721,tf,NFO,40707,281.85,10.16,1698906581,,,,,,,,
2023-11-02 11:59:41.847721,tf,NFO,40707,281.85,10.16,1698906581,,,,,,,,
2023-11-02 11:59:42.622277,tf,NFO,40707,282.20,10.30,1698906582,379.21,8899395,281.75,282.35,255,90,,
2023-11-02 11:59:42.624240,tf,NFO,40707,282.20,10.30,1698906582,379.21,8899395,281.75,282.35,255,90,,
2023-11-02 11:59:42.847657,tf,NFO,40707,281.95,10.20,1698906582,,,,,,,,
2023-11-02 11:59:42.847657,tf,NFO,40707,281.95,10.20,1698906582,,,,,,,,
2023-11-02 11:59:43.777875,tf,NFO,40707,282.35,10.36,1698906583,379.19,8901150,281.85,282.50,225,15,,
2023-11-02 11:59:43.778873,tf,NFO,40707,282.35,10.36,1698906583,379.19,8901150,281.85,282.50,225,15,,
2023-11-02 11:59:43.862542,tf,NFO,40707,281.70,10.10,1698906583,,,,,,,,
2023-11-02 11:59:43.863155,tf,NFO,40707,281.70,10.10,1698906583,,,,,,,,
2023-11-02 11:59:44.909246,tf,NFO,40707,281.00,9.83,1698906584,379.18,8902245,280.55,281.10,45,45,,
2023-11-02 11:59:44.918299,tf,NFO,40707,281.00,9.83,1698906584,379.18,8902245,280.55,281.10,45,45,,
2023-11-02 11:59:44.934893,tf,NFO,40707,281.15,9.89,1698906584,,,,,,,,
2023-11-02 11:59:44.943068,tf,NFO,40707,281.15,9.89,1698906584,,,,,,,,
2023-11-02 11:59:45.850380,tf,NFO,40707,280.35,9.58,1698906585,,,,,,,,
2023-11-02 11:59:45.852305,tf,NFO,40707,280.35,9.58,1698906585,,,,,,,,
2023-11-02 11:59:46.012660,tf,NFO,40707,280.00,9.44,1698906585,379.16,8903475,279.70,280.00,60,15,,
2023-11-02 11:59:46.015225,tf,NFO,40707,280.00,9.44,1698906585,379.16,8903475,279.70,280.00,60,15,,
2023-11-02 11:59:46.614429,tf,NFO,40707,280.30,9.56,1698906586,,8904030,280.00,280.40,45,45,,
2023-11-02 11:59:46.617597,tf,NFO,40707,280.30,9.56,1698906586,,8904030,280.00,280.40,45,45,,
2023-11-02 11:59:46.851781,tf,NFO,40707,280.25,9.54,1698906586,,,,,,,1276665,
2023-11-02 11:59:46.852797,tf,NFO,40707,280.25,9.54,1698906586,,,,,,,1276665,
2023-11-02 11:59:47.620073,tf,NFO,40707,279.45,9.22,1698906587,379.13,8906565,279.50,279.95,105,15,,
2023-11-02 11:59:47.621077,tf,NFO,40707,279.45,9.22,1698906587,379.13,8906565,279.50,279.95,105,15,,
2023-11-02 11:59:47.850874,tf,NFO,40707,280.05,9.46,1698906587,,,,,,,,
2023-11-02 11:59:47.852112,tf,NFO,40707,280.05,9.46,1698906587,,,,,,,,
2023-11-02 11:59:48.818541,tf,NFO,40707,280.20,9.52,1698906588,379.11,8908380,280.25,280.70,15,45,,
2023-11-02 11:59:48.818541,tf,NFO,40707,280.20,9.52,1698906588,379.11,8908380,280.25,280.70,15,45,,
2023-11-02 11:59:50.054446,tf,NFO,40707,281.25,9.93,1698906589,,,,,,,,
2023-11-02 11:59:50.056933,tf,NFO,40707,281.25,9.93,1698906589,,,,,,,,
2023-11-02 11:59:50.851918,tf,NFO,40707,281.10,9.87,1698906590,,,,,,,,
2023-11-02 11:59:50.853310,tf,NFO,40707,281.10,9.87,1698906590,,,,,,,,
2023-11-02 11:59:51.622616,tf,NFO,40707,280.00,9.44,1698906591,379.08,8910765,280.00,280.45,405,,,
2023-11-02 11:59:51.624026,tf,NFO,40707,280.00,9.44,1698906591,379.08,8910765,280.00,280.45,405,,,
2023-11-02 11:59:51.851703,tf,NFO,40707,280.60,9.67,1698906591,,,,,,,,
2023-11-02 11:59:51.854781,tf,NFO,40707,280.60,9.67,1698906591,,,,,,,,
2023-11-02 11:59:52.821936,tf,NFO,40707,280.00,9.44,1698906592,,8910990,,280.50,495,75,,
2023-11-02 11:59:52.823409,tf,NFO,40707,280.00,9.44,1698906592,,8910990,,280.50,495,75,,
2023-11-02 11:59:54.024597,tf,NFO,40707,279.55,9.26,1698906593,379.06,8913180,279.55,279.80,180,120,,
2023-11-02 11:59:54.026589,tf,NFO,40707,279.55,9.26,1698906593,379.06,8913180,279.55,279.80,180,120,,
2023-11-02 11:59:54.621168,tf,NFO,40707,280.10,9.48,1698906594,379.04,8915100,279.65,280.20,60,75,,
2023-11-02 11:59:54.634679,tf,NFO,40707,280.10,9.48,1698906594,379.04,8915100,279.65,280.20,60,75,,
2023-11-02 11:59:54.851864,tf,NFO,40707,280.00,9.44,1698906594,,,,,,,,
2023-11-02 11:59:54.861269,tf,NFO,40707,280.00,9.44,1698906594,,,,,,,,
2023-11-02 11:59:55.628784,tf,NFO,40707,279.80,9.36,1698906595,379.02,8916900,279.25,279.80,135,240,,
2023-11-02 11:59:55.631344,tf,NFO,40707,279.80,9.36,1698906595,379.02,8916900,279.25,279.80,135,240,,
2023-11-02 11:59:55.853154,tf,NFO,40707,279.60,9.28,1698906595,,,,,,,,
2023-11-02 11:59:55.854176,tf,NFO,40707,279.60,9.28,1698906595,,,,,,,,
2023-11-02 11:59:56.830722,tf,NFO,40707,279.95,9.42,1698906596,379.00,8918400,279.50,280.05,15,45,,
2023-11-02 11:59:56.833193,tf,NFO,40707,279.95,9.42,1698906596,379.00,8918400,279.50,280.05,15,45,,
2023-11-02 11:59:56.858512,tf,NFO,40707,279.45,9.22,1698906596,,,,,,,,
2023-11-02 11:59:56.860032,tf,NFO,40707,279.45,9.22,1698906596,,,,,,,,
2023-11-02 11:59:57.853849,tf,NFO,40707,277.50,8.46,1698906597,,,,,,,,
2023-11-02 11:59:57.854839,tf,NFO,40707,277.50,8.46,1698906597,,,,,,,,
2023-11-02 11:59:58.030976,tf,NFO,40707,277.40,8.42,1698906597,378.91,8926275,277.15,277.75,135,105,,
2023-11-02 11:59:58.033405,tf,NFO,40707,277.40,8.42,1698906597,378.91,8926275,277.15,277.75,135,105,,
2023-11-02 11:59:59.136977,tf,NFO,40707,276.15,7.93,1698906598,,,,,,,,
2023-11-02 11:59:59.137990,tf,NFO,40707,276.15,7.93,1698906598,,,,,,,,
2023-11-02 11:59:59.630030,tf,NFO,40707,276.65,8.13,1698906599,378.82,8934435,276.60,277.10,90,75,,
2023-11-02 11:59:59.630763,tf,NFO,40707,276.65,8.13,1698906599,378.82,8934435,276.60,277.10,90,75,,
2023-11-02 11:59:59.855846,tf,NFO,40707,277.00,8.27,1698906599,,,,,,,,
2023-11-02 11:59:59.856862,tf,NFO,40707,277.00,8.27,1698906599,,,,,,,,
2023-11-02 12:00:00.637058,tf,NFO,40707,276.60,8.11,1698906600,378.78,8937240,276.20,276.70,60,,,
2023-11-02 12:00:00.671838,tf,NFO,40707,276.60,8.11,1698906600,378.78,8937240,276.20,276.70,60,,,
2023-11-02 12:00:00.854313,tf,NFO,40707,276.05,7.90,1698906600,,,,,,,,
2023-11-02 12:00:00.862211,tf,NFO,40707,276.05,7.90,1698906600,,,,,,,,
2023-11-02 12:00:01.840274,tf,NFO,40707,276.70,8.15,1698906601,378.74,8941410,276.25,276.60,45,45,,
2023-11-02 12:00:01.841801,tf,NFO,40707,276.70,8.15,1698906601,378.74,8941410,276.25,276.60,45,45,,
2023-11-02 12:00:01.858222,tf,NFO,40707,276.65,8.13,1698906601,,,,,,,,
2023-11-02 12:00:01.860263,tf,NFO,40707,276.65,8.13,1698906601,,,,,,,,
2023-11-02 12:00:02.636686,tf,NFO,40707,276.75,8.17,1698906602,378.71,8943360,276.70,277.15,,255,,
2023-11-02 12:00:02.647976,tf,NFO,40707,276.75,8.17,1698906602,378.71,8943360,276.70,277.15,,255,,
2023-11-02 12:00:02.867106,tf,NFO,40707,276.80,8.19,1698906602,,,,,,,,
2023-11-02 12:00:02.868100,tf,NFO,40707,276.80,8.19,1698906602,,,,,,,,
2023-11-02 12:00:03.642985,tf,NFO,40707,275.20,7.56,1698906603,378.68,8946630,275.30,275.85,30,30,,
2023-11-02 12:00:03.642985,tf,NFO,40707,275.20,7.56,1698906603,378.68,8946630,275.30,275.85,30,30,,
2023-11-02 12:00:03.856664,tf,NFO,40707,275.80,7.80,1698906603,,,,,,,,
2023-11-02 12:00:03.858156,tf,NFO,40707,275.80,7.80,1698906603,,,,,,,,
2023-11-02 12:00:04.637683,tf,NFO,40707,274.40,7.25,1698906604,378.62,8951520,274.50,274.95,195,,,
2023-11-02 12:00:04.640836,tf,NFO,40707,274.40,7.25,1698906604,378.62,8951520,274.50,274.95,195,,,
2023-11-02 12:00:04.855953,tf,NFO,40707,275.00,7.48,1698906604,,,,,,,,
2023-11-02 12:00:04.858937,tf,NFO,40707,275.00,7.48,1698906604,,,,,,,,
2023-11-02 12:00:05.752165,tf,NFO,40707,273.50,6.90,1698906605,378.57,8955600,273.70,274.25,75,45,,
2023-11-02 12:00:05.856980,tf,NFO,40707,274.20,7.17,1698906605,,,,,,,,
2023-11-02 12:00:06.651135,tf,NFO,40707,274.95,7.47,1698906606,378.56,8956815,274.55,275.10,165,60,,
2023-11-02 12:00:06.858496,tf,NFO,40707,274.70,7.37,1698906606,,,,,,,,
2023-11-02 12:00:07.645000,tf,NFO,40707,276.30,7.99,1698906607,378.52,8960295,276.45,276.65,15,15,,
2023-11-02 12:00:07.890745,tf,NFO,40707,275.95,7.86,1698906607,,,,,,,,
2023-11-02 12:00:08.654015,tf,NFO,40707,274.85,7.43,1698906608,378.48,8963955,274.75,275.30,105,60,,
2023-11-02 12:00:08.855586,tf,NFO,40707,274.65,7.35,1698906608,,,,,,,,
2023-11-02 12:00:09.647834,tf,NFO,40707,276.20,7.95,1698906609,378.46,8965725,276.25,276.75,90,45,,
2023-11-02 12:00:09.856597,tf,NFO,40707,276.65,8.13,1698906609,,,,,,,,
2023-11-02 12:00:10.651193,tf,NFO,40707,276.80,8.19,1698906610,378.44,8967210,276.30,276.85,150,30,,
2023-11-02 12:00:10.859083,tf,NFO,40707,276.70,8.15,1698906610,,,,,,,,
2023-11-02 12:00:11.664722,tf,NFO,40707,275.20,7.56,1698906611,378.41,8969805,275.10,275.55,15,,,
2023-11-02 12:00:11.857800,tf,NFO,40707,276.05,7.90,1698906611,,,,,,,,
2023-11-02 12:00:12.861847,tf,NFO,40707,274.70,7.37,1698906612,378.38,8972460,274.30,274.75,,330,,
2023-11-02 12:00:13.859365,tf,NFO,40707,275.00,7.48,1698906613,378.34,8976000,274.35,274.90,60,90,,
2023-11-02 12:00:14.861572,tf,NFO,40707,275.15,7.54,1698906614,,,,,,,,
2023-11-02 12:00:15.071586,tf,NFO,40707,275.95,7.86,1698906614,378.30,8979000,275.40,275.85,30,45,,
2023-11-02 12:00:15.860223,tf,NFO,40707,275.80,7.80,1698906615,,,,,,,,
2023-11-02 12:00:16.057803,tf,NFO,40707,275.70,7.76,1698906615,,8979540,275.75,276.25,15,,,
2023-11-02 12:00:16.865596,tf,NFO,40707,276.75,8.17,1698906616,,,,,,,,
2023-11-02 12:00:16.991154,tf,NFO,40707,276.75,8.17,1698906616,,,,,,,,
2023-11-02 12:00:17.059348,tf,NFO,40707,276.55,8.09,1698906616,378.28,8981565,275.85,276.35,135,15,,
2023-11-02 12:00:17.060853,tf,NFO,40707,276.55,8.09,1698906616,378.28,8981565,275.85,276.35,135,15,,
2023-11-02 12:00:17.966969,tf,NFO,40707,275.75,7.78,1698906617,,,,,,,,
2023-11-02 12:00:17.969491,tf,NFO,40707,275.75,7.78,1698906617,,,,,,,,
2023-11-02 12:00:18.114102,tf,NFO,40707,275.55,7.70,1698906617,378.27,8982300,275.25,275.55,15,30,,
2023-11-02 12:00:18.117112,tf,NFO,40707,275.55,7.70,1698906617,378.27,8982300,275.25,275.55,15,30,,
2023-11-02 12:00:18.863693,tf,NFO,40707,275.70,7.76,1698906618,,,,,,,,
2023-11-02 12:00:18.865124,tf,NFO,40707,275.70,7.76,1698906618,,,,,,,,
2023-11-02 12:00:19.068218,tf,NFO,40707,275.75,7.78,1698906618,378.26,8982735,275.15,275.65,195,75,,
2023-11-02 12:00:19.071777,tf,NFO,40707,275.75,7.78,1698906618,378.26,8982735,275.15,275.65,195,75,,
2023-11-02 12:00:19.865086,tf,NFO,40707,274.05,7.11,1698906619,,,,,,,,
2023-11-02 12:00:19.866619,tf,NFO,40707,274.05,7.11,1698906619,,,,,,,,
2023-11-02 12:00:20.262203,tf,NFO,40707,274.65,7.35,1698906619,378.23,8985795,274.25,274.80,30,60,,
2023-11-02 12:00:20.264412,tf,NFO,40707,274.65,7.35,1698906619,378.23,8985795,274.25,274.80,30,60,,
2023-11-02 12:00:20.672840,tf,NFO,40707,274.70,7.37,1698906620,378.22,8986140,274.10,274.70,120,150,,
2023-11-02 12:00:20.673845,tf,NFO,40707,274.70,7.37,1698906620,378.22,8986140,274.10,274.70,120,150,,
2023-11-02 12:00:20.863034,tf,NFO,40707,274.75,7.39,1698906620,,,,,,,,
2023-11-02 12:00:20.865366,tf,NFO,40707,274.75,7.39,1698906620,,,,,,,,
2023-11-02 12:00:21.666699,tf,NFO,40707,274.00,7.09,1698906621,378.20,8988195,274.00,274.55,15,60,,
2023-11-02 12:00:21.668921,tf,NFO,40707,274.00,7.09,1698906621,378.20,8988195,274.00,274.55,15,60,,
2023-11-02 12:00:21.906012,tf,NFO,40707,274.10,7.13,1698906621,,,,,,,,
2023-11-02 12:00:21.908023,tf,NFO,40707,274.10,7.13,1698906621,,,,,,,,
2023-11-02 12:00:22.893200,tf,NFO,40707,274.50,7.29,1698906622,378.17,8990865,,274.50,300,90,,
2023-11-02 12:00:22.894571,tf,NFO,40707,274.50,7.29,1698906622,378.17,8990865,,274.50,300,90,,
2023-11-02 12:00:22.899134,tf,NFO,40707,274.65,7.35,1698906622,,,,,,,,
2023-11-02 12:00:22.902114,tf,NFO,40707,274.65,7.35,1698906622,,,,,,,,
2023-11-02 12:00:23.671197,tf,NFO,40707,274.10,7.13,1698906623,378.16,8991780,,274.55,,240,,
2023-11-02 12:00:23.672645,tf,NFO,40707,274.10,7.13,1698906623,378.16,8991780,,274.55,,240,,
2023-11-02 12:00:24.869591,tf,NFO,40707,274.60,7.33,1698906624,,,,,,,,
2023-11-02 12:00:24.871113,tf,NFO,40707,274.60,7.33,1698906624,,,,,,,,
2023-11-02 12:00:25.683603,tf,NFO,40707,273.70,6.98,1698906625,378.14,8993040,273.70,274.25,150,30,,
2023-11-02 12:00:25.686997,tf,NFO,40707,273.70,6.98,1698906625,378.14,8993040,273.70,274.25,150,30,,
2023-11-02 12:00:25.867808,tf,NFO,40707,273.85,7.04,1698906625,,,,,,,,
2023-11-02 12:00:25.868854,tf,NFO,40707,273.85,7.04,1698906625,,,,,,,,
2023-11-02 12:00:26.674823,tf,NFO,40707,274.85,7.43,1698906626,378.13,8993955,274.95,275.35,30,15,,
2023-11-02 12:00:26.676309,tf,NFO,40707,274.85,7.43,1698906626,378.13,8993955,274.95,275.35,30,15,,
2023-11-02 12:00:26.866635,tf,NFO,40707,276.65,8.13,1698906626,,,,,,,,
2023-11-02 12:00:26.868839,tf,NFO,40707,276.65,8.13,1698906626,,,,,,,,
2023-11-02 12:00:27.676730,tf,NFO,40707,275.95,7.86,1698906627,378.12,8995140,275.90,276.20,45,30,,
2023-11-02 12:00:27.780119,tf,NFO,40707,275.95,7.86,1698906627,378.12,8995140,275.90,276.20,45,30,,
2023-11-02 12:00:27.872679,tf,NFO,40707,276.00,7.88,1698906627,,,,,,,,
2023-11-02 12:00:27.873837,tf,NFO,40707,276.00,7.88,1698906627,,,,,,,,
2023-11-02 12:00:28.870134,tf,NFO,40707,276.10,7.91,1698906628,,,,,,,,
2023-11-02 12:00:30.014061,tf,NFO,40707,277.15,8.33,1698906629,,,,,,,,
2023-11-02 12:00:30.677513,tf,NFO,40707,276.00,7.88,1698906630,378.06,9000150,276.15,276.65,105,75,,
2023-11-02 12:00:30.869920,tf,NFO,40707,275.70,7.76,1698906630,,,,,,,,
2023-11-02 12:00:31.680102,tf,NFO,40707,277.15,8.33,1698906631,378.05,9001590,276.55,277.15,45,30,,
2023-11-02 12:00:31.870842,tf,NFO,40707,275.20,7.56,1698906631,,,,,,,,
2023-11-02 12:00:32.685091,tf,NFO,40707,276.10,7.91,1698906632,378.03,9003255,275.45,276.05,330,75,,
2023-11-02 12:00:32.876874,tf,NFO,40707,275.75,7.78,1698906632,,,,,,,,
2023-11-02 12:00:33.899177,tf,NFO,40707,277.45,8.44,1698906633,,,,,,,,
2023-11-02 12:00:34.871014,tf,NFO,40707,277.00,8.27,1698906634,,,,,,,,
2023-11-02 12:00:35.085303,tf,NFO,40707,276.35,8.01,1698906634,377.98,9007245,275.85,276.30,420,405,,
2023-11-02 12:00:35.686941,tf,NFO,40707,276.45,8.05,1698906635,,9007710,275.90,276.40,195,30,,
2023-11-02 12:00:35.873309,tf,NFO,40707,276.40,8.03,1698906635,,,,,,,,
2023-11-02 12:00:36.686410,tf,NFO,40707,275.40,7.64,1698906636,377.96,9009450,275.45,275.90,30,,,
2023-11-02 12:00:36.872138,tf,NFO,40707,275.90,7.84,1698906636,,,,,,,,
2023-11-02 12:00:37.872933,tf,NFO,40707,275.30,7.60,1698906637,,,,,,,,
2023-11-02 12:00:37.888957,tf,NFO,40707,274.80,7.41,1698906637,377.93,9011730,274.55,275.15,105,,,
2023-11-02 12:00:38.075932,tf,NFO,40707,275.30,7.60,1698906637,,,,,,,,
2023-11-02 12:00:38.097743,tf,NFO,40707,274.80,7.41,1698906637,377.93,9011730,274.55,275.15,105,,,
2023-11-02 12:00:39.178794,tf,NFO,40707,274.65,7.35,1698906638,,,,,,,,
2023-11-02 12:00:39.180934,tf,NFO,40707,274.65,7.35,1698906638,,,,,,,,
2023-11-02 12:00:39.874370,tf,NFO,40707,274.85,7.43,1698906639,,,,,,,,
2023-11-02 12:00:39.880551,tf,NFO,40707,274.85,7.43,1698906639,,,,,,,,
2023-11-02 12:00:40.874569,tf,NFO,40707,274.70,7.37,1698906640,,,,,,,,
2023-11-02 12:00:40.875506,tf,NFO,40707,274.70,7.37,1698906640,,,,,,,,
2023-11-02 12:00:41.695739,tf,NFO,40707,274.60,7.33,1698906641,377.88,9016170,274.60,275.05,30,15,,
2023-11-02 12:00:41.700073,tf,NFO,40707,274.60,7.33,1698906641,377.88,9016170,274.60,275.05,30,15,,
2023-11-02 12:00:41.873176,tf,NFO,40707,275.10,7.52,1698906641,,,,,,,,
2023-11-02 12:00:41.875708,tf,NFO,40707,275.10,7.52,1698906641,,,,,,,,
2023-11-02 12:00:42.702120,tf,NFO,40707,274.15,7.15,1698906642,377.87,9016785,274.00,274.40,15,75,,
2023-11-02 12:00:42.703199,tf,NFO,40707,274.15,7.15,1698906642,377.87,9016785,274.00,274.40,15,75,,
2023-11-02 12:00:42.873927,tf,NFO,40707,274.00,7.09,1698906642,,,,,,,,
2023-11-02 12:00:42.876064,tf,NFO,40707,274.00,7.09,1698906642,,,,,,,,
2023-11-02 12:00:43.700445,tf,NFO,40707,274.50,7.29,1698906643,,9017475,273.90,274.45,90,165,,
2023-11-02 12:00:43.703027,tf,NFO,40707,274.50,7.29,1698906643,,9017475,273.90,274.45,90,165,,
2023-11-02 12:00:43.875337,tf,NFO,40707,274.40,7.25,1698906643,,,,,,,,
2023-11-02 12:00:43.882493,tf,NFO,40707,274.40,7.25,1698906643,,,,,,,,
2023-11-02 12:00:44.703181,tf,NFO,40707,273.50,6.90,1698906644,377.86,9018225,273.05,273.50,45,435,,
2023-11-02 12:00:44.704454,tf,NFO,40707,273.50,6.90,1698906644,377.86,9018225,273.05,273.50,45,435,,
2023-11-02 12:00:44.875699,tf,NFO,40707,273.00,6.70,1698906644,,,,,,,,
2023-11-02 12:00:44.876862,tf,NFO,40707,273.00,6.70,1698906644,,,,,,,,
2023-11-02 12:00:45.703005,tf,NFO,40707,273.40,6.86,1698906645,377.83,9020790,273.35,273.75,30,15,,
2023-11-02 12:00:45.705046,tf,NFO,40707,273.40,6.86,1698906645,377.83,9020790,273.35,273.75,30,15,,
2023-11-02 12:00:45.875143,tf,NFO,40707,273.55,6.92,1698906645,,,,,,,,
2023-11-02 12:00:45.882372,tf,NFO,40707,273.55,6.92,1698906645,,,,,,,,
2023-11-02 12:00:46.705994,tf,NFO,40707,273.65,6.96,1698906646,377.80,9023415,273.65,274.15,75,,,
2023-11-02 12:00:46.710858,tf,NFO,40707,273.65,6.96,1698906646,377.80,9023415,273.65,274.15,75,,,
2023-11-02 12:00:46.875444,tf,NFO,40707,273.85,7.04,1698906646,,,,,,,,
2023-11-02 12:00:46.876438,tf,NFO,40707,273.85,7.04,1698906646,,,,,,,,
2023-11-02 12:00:47.702209,tf,NFO,40707,273.00,6.70,1698906647,377.79,9024270,273.00,273.55,210,75,,
2023-11-02 12:00:47.703410,tf,NFO,40707,273.00,6.70,1698906647,377.79,9024270,273.00,273.55,210,75,,
2023-11-02 12:00:48.876393,tf,NFO,40707,273.90,7.05,1698906648,,,,,,,,
2023-11-02 12:00:48.916781,tf,NFO,40707,273.90,7.05,1698906648,,,,,,,,
2023-11-02 12:00:49.954860,tf,NFO,40707,273.35,6.84,1698906649,,,,,,,,
2023-11-02 12:00:51.880234,tf,NFO,40707,273.65,6.96,1698906651,,,,,,,,
2023-11-02 12:00:52.111009,tf,NFO,40707,274.10,7.13,1698906651,,9031320,273.60,274.20,120,630,,
2023-11-02 12:00:52.710858,tf,NFO,40707,273.60,6.94,1698906652,377.70,9031635,,273.95,30,45,,
2023-11-02 12:00:53.968769,tf,NFO,40707,276.95,8.25,1698906653,,,,,,,,
2023-11-02 12:00:54.881869,tf,NFO,40707,276.70,8.15,1698906654,,,,,,,,
2023-11-02 12:00:56.196603,tf,NFO,40707,277.35,8.40,1698906655,,,,,,,,
2023-11-02 12:00:56.198791,tf,NFO,40707,277.65,8.52,1698906655,377.62,9039015,277.30,277.80,45,,,
2023-11-02 12:00:57.401571,tf,NFO,40707,277.50,8.46,1698906656,,,,,,,,
2023-11-02 12:00:57.486419,tf,NFO,40707,277.25,8.36,1698906656,377.59,9041625,,277.90,90,60,,
2023-11-02 12:00:57.743556,tf,NFO,40707,277.05,8.29,1698906657,377.58,9042180,276.60,277.30,225,225,,
2023-11-02 12:00:57.882788,tf,NFO,40707,276.45,8.05,1698906657,,,,,,,,
2023-11-02 12:00:58.883665,tf,NFO,40707,275.95,7.86,1698906658,,,,,,,,
2023-11-02 12:01:00.124330,tf,NFO,40707,276.10,7.91,1698906659,377.56,9044400,276.10,276.30,315,150,,
2023-11-02 12:01:00.313592,tf,NFO,40707,276.10,7.91,1698906659,377.56,9044400,276.10,276.30,315,150,,
2023-11-02 12:01:00.728275,tf,NFO,40707,276.60,8.11,1698906660,377.55,9045270,276.15,276.55,30,195,,
2023-11-02 12:01:00.730771,tf,NFO,40707,276.60,8.11,1698906660,377.55,9045270,276.15,276.55,30,195,,
2023-11-02 12:01:00.883660,tf,NFO,40707,276.15,7.93,1698906660,,,,,,,,
2023-11-02 12:01:00.885705,tf,NFO,40707,276.15,7.93,1698906660,,,,,,,,
2023-11-02 12:01:01.727246,tf,NFO,40707,276.35,8.01,1698906661,377.52,9047610,276.00,,,105,,
2023-11-02 12:01:01.729011,tf,NFO,40707,276.35,8.01,1698906661,377.52,9047610,276.00,,,105,,
2023-11-02 12:01:01.883644,tf,NFO,40707,276.25,7.97,1698906661,,,,,,,,
2023-11-02 12:01:01.886145,tf,NFO,40707,276.25,7.97,1698906661,,,,,,,,
2023-11-02 12:01:02.884226,tf,NFO,40707,275.90,7.84,1698906662,,,,,,,,
2023-11-02 12:01:02.886230,tf,NFO,40707,275.90,7.84,1698906662,,,,,,,,
2023-11-02 12:01:02.936010,tf,NFO,40707,276.05,7.90,1698906662,377.51,9049260,,276.50,,150,,
2023-11-02 12:01:02.938025,tf,NFO,40707,276.05,7.90,1698906662,377.51,9049260,,276.50,,150,,
2023-11-02 12:01:03.885886,tf,NFO,40707,276.70,8.15,1698906663,,,,,,,,
2023-11-02 12:01:03.889617,tf,NFO,40707,276.70,8.15,1698906663,,,,,,,,
2023-11-02 12:01:03.928673,tf,NFO,40707,276.10,7.91,1698906663,377.50,9049785,276.25,276.60,60,15,,
2023-11-02 12:01:03.932334,tf,NFO,40707,276.10,7.91,1698906663,377.50,9049785,276.25,276.60,60,15,,
2023-11-02 12:01:04.884958,tf,NFO,40707,276.35,8.01,1698906664,,,,,,,,
2023-11-02 12:01:04.885954,tf,NFO,40707,276.35,8.01,1698906664,,,,,,,,
2023-11-02 12:01:05.142300,tf,NFO,40707,276.30,7.99,1698906664,377.48,9051915,275.45,276.05,225,45,,
2023-11-02 12:01:05.143294,tf,NFO,40707,276.30,7.99,1698906664,377.48,9051915,275.45,276.05,225,45,,
2023-11-02 12:01:05.737577,tf,NFO,40707,275.00,7.48,1698906665,377.46,9053040,275.00,275.45,675,195,,
2023-11-02 12:01:05.738724,tf,NFO,40707,275.00,7.48,1698906665,377.46,9053040,275.00,275.45,675,195,,
2023-11-02 12:01:05.884829,tf,NFO,40707,275.40,7.64,1698906665,,,,,,,,
2023-11-02 12:01:05.886075,tf,NFO,40707,275.40,7.64,1698906665,,,,,,,,
2023-11-02 12:01:06.892643,tf,NFO,40707,276.10,7.91,1698906666,,,,,,,,
2023-11-02 12:01:06.894459,tf,NFO,40707,276.10,7.91,1698906666,,,,,,,,
2023-11-02 12:01:08.299592,tf,NFO,40707,275.85,7.82,1698906667,,,,,,,,
2023-11-02 12:01:08.300589,tf,NFO,40707,275.85,7.82,1698906667,,,,,,,,
2023-11-02 12:01:09.314958,tf,NFO,40707,276.05,7.90,1698906668,,,,,,,,
2023-11-02 12:01:09.316954,tf,NFO,40707,276.05,7.90,1698906668,,,,,,,,
2023-11-02 12:01:09.887539,tf,NFO,40707,276.60,8.11,1698906669,,,,,,,,
2023-11-02 12:01:09.889491,tf,NFO,40707,276.60,8.11,1698906669,,,,,,,,
2023-11-02 12:01:10.136454,tf,NFO,40707,276.10,7.91,1698906669,377.42,9057255,276.10,276.60,30,150,,
2023-11-02 12:01:10.137410,tf,NFO,40707,276.10,7.91,1698906669,377.42,9057255,276.10,276.60,30,150,,
2023-11-02 12:01:10.887142,tf,NFO,40707,276.50,8.07,1698906670,,,,,,,,
2023-11-02 12:01:10.888098,tf,NFO,40707,276.50,8.07,1698906670,,,,,,,,
2023-11-02 12:01:11.135742,tf,NFO,40707,276.55,8.09,1698906670,377.38,9060405,276.50,277.10,,135,,
2023-11-02 12:01:11.192674,tf,NFO,40707,276.55,8.09,1698906670,377.38,9060405,276.50,277.10,,135,,
2023-11-02 12:01:11.895393,tf,NFO,40707,277.80,8.58,1698906671,,,,,,,,
2023-11-02 12:01:11.901103,tf,NFO,40707,277.80,8.58,1698906671,,,,,,,,
2023-11-02 12:01:12.133138,tf,NFO,40707,277.30,8.38,1698906671,377.37,9061845,277.30,277.90,120,165,,
2023-11-02 12:01:12.178659,tf,NFO,40707,277.30,8.38,1698906671,377.37,9061845,277.30,277.90,120,165,,
2023-11-02 12:01:12.746546,tf,NFO,40707,277.40,8.42,1698906672,377.36,9061920,277.45,278.00,180,1575,,
2023-11-02 12:01:12.747548,tf,NFO,40707,277.40,8.42,1698906672,377.36,9061920,277.45,278.00,180,1575,,
2023-11-02 12:01:12.887095,tf,NFO,40707,277.30,8.38,1698906672,,,,,,,,
2023-11-02 12:01:12.887095,tf,NFO,40707,277.30,8.38,1698906672,,,,,,,,
2023-11-02 12:01:13.746478,tf,NFO,40707,280.95,9.81,1698906673,377.32,9065550,280.65,281.00,405,180,,
2023-11-02 12:01:13.757211,tf,NFO,40707,280.95,9.81,1698906673,377.32,9065550,280.65,281.00,405,180,,
2023-11-02 12:01:13.892793,tf,NFO,40707,281.00,9.83,1698906673,,,,,,,,
2023-11-02 12:01:13.939250,tf,NFO,40707,281.00,9.83,1698906673,,,,,,,,
2023-11-02 12:01:14.739207,tf,NFO,40707,280.85,9.77,1698906674,377.30,9067935,281.10,281.65,30,75,,
2023-11-02 12:01:14.890461,tf,NFO,40707,281.20,9.91,1698906674,,,,,,,,
2023-11-02 12:01:15.738816,tf,NFO,40707,280.50,9.63,1698906675,377.26,9071775,280.50,281.00,15,30,,
2023-11-02 12:01:15.890916,tf,NFO,40707,281.50,10.03,1698906675,,,,,,,,
2023-11-02 12:01:16.960420,tf,NFO,40707,281.70,10.10,1698906676,377.24,9073875,281.30,281.90,330,210,,
2023-11-02 12:01:16.965970,tf,NFO,40707,281.20,9.91,1698906676,,,,,,,,
2023-11-02 12:01:17.890870,tf,NFO,40707,281.70,10.10,1698906677,,,,,,,,
2023-11-02 12:01:17.946219,tf,NFO,40707,282.00,10.22,1698906677,377.22,9075765,281.55,282.00,75,390,,
2023-11-02 12:01:19.210955,tf,NFO,40707,281.35,9.97,1698906678,377.19,9078630,281.40,,,30,,
2023-11-02 12:01:20.000968,tf,NFO,40707,281.30,9.95,1698906679,,,,,,,,
2023-11-02 12:01:20.345785,tf,NFO,40707,281.15,9.89,1698906679,377.15,9082185,281.20,281.70,30,15,,
2023-11-02 12:01:21.418553,tf,NFO,40707,283.40,10.77,1698906680,377.13,9084225,283.35,283.90,15,90,,
2023-11-02 12:01:21.423512,tf,NFO,40707,283.15,10.67,1698906680,,,,,,,,
2023-11-02 12:01:21.752298,tf,NFO,40707,284.50,11.20,1698906681,377.12,9084975,284.50,284.65,30,60,,
2023-11-02 12:01:21.891925,tf,NFO,40707,286.00,11.78,1698906681,,,,,,,,
2023-11-02 12:01:22.750349,tf,NFO,40707,284.75,11.30,1698906682,377.06,9091020,283.95,284.55,,150,,
2023-11-02 12:01:22.895312,tf,NFO,40707,284.80,11.32,1698906682,,,,,,,,
2023-11-02 12:01:23.764071,tf,NFO,40707,286.35,11.92,1698906683,377.02,9094905,286.35,286.85,225,105,,
2023-11-02 12:01:23.894156,tf,NFO,40707,285.85,11.73,1698906683,,,,,,,,
2023-11-02 12:01:24.096970,tf,NFO,40707,285.85,11.73,1698906683,,,,,,,,
2023-11-02 12:01:24.895729,tf,NFO,40707,284.90,11.35,1698906684,,,,,,,,
2023-11-02 12:01:24.896723,tf,NFO,40707,284.90,11.35,1698906684,,,,,,,,
2023-11-02 12:01:25.982770,tf,NFO,40707,285.40,11.55,1698906685,,,,,,,,
2023-11-02 12:01:25.984035,tf,NFO,40707,285.40,11.55,1698906685,,,,,,,,
2023-11-02 12:01:26.174632,tf,NFO,40707,285.20,11.47,1698906685,376.97,9100320,285.25,285.70,30,45,,
2023-11-02 12:01:26.175796,tf,NFO,40707,285.20,11.47,1698906685,376.97,9100320,285.25,285.70,30,45,,
2023-11-02 12:01:26.756265,tf,NFO,40707,284.75,11.30,1698906686,376.94,9102930,284.50,284.80,15,60,,
2023-11-02 12:01:26.761276,tf,NFO,40707,284.75,11.30,1698906686,376.94,9102930,284.50,284.80,15,60,,
2023-11-02 12:01:26.898895,tf,NFO,40707,284.85,11.33,1698906686,,,,,,,,
2023-11-02 12:01:26.898895,tf,NFO,40707,284.85,11.33,1698906686,,,,,,,,
2023-11-02 12:01:27.760291,tf,NFO,40707,286.50,11.98,1698906687,376.90,9106365,286.00,286.45,,30,,
2023-11-02 12:01:27.762024,tf,NFO,40707,286.50,11.98,1698906687,376.90,9106365,286.00,286.45,,30,,
2023-11-02 12:01:27.903287,tf,NFO,40707,285.80,11.71,1698906687,,,,,,,,
2023-11-02 12:01:27.905300,tf,NFO,40707,285.80,11.71,1698906687,,,,,,,,
2023-11-02 12:01:29.045681,tf,NFO,40707,285.85,11.73,1698906688,376.89,9107760,285.20,285.80,90,15,,
2023-11-02 12:01:29.047822,tf,NFO,40707,285.85,11.73,1698906688,376.89,9107760,285.20,285.80,90,15,,
2023-11-02 12:01:29.052576,tf,NFO,40707,285.75,11.69,1698906688,,,,,,,,
2023-11-02 12:01:29.054600,tf,NFO,40707,285.75,11.69,1698906688,,,,,,,,
2023-11-02 12:01:29.898440,tf,NFO,40707,285.60,11.63,1698906689,,,,,,,,
2023-11-02 12:01:29.899438,tf,NFO,40707,285.60,11.63,1698906689,,,,,,,,
2023-11-02 12:01:30.897055,tf,NFO,40707,285.85,11.73,1698906690,,,,,,,,
2023-11-02 12:01:30.899602,tf,NFO,40707,285.85,11.73,1698906690,,,,,,,,
2023-11-02 12:01:31.163547,tf,NFO,40707,286.15,11.84,1698906690,376.77,9119565,285.60,286.20,30,150,,
2023-11-02 12:01:31.166067,tf,NFO,40707,286.15,11.84,1698906690,376.77,9119565,285.60,286.20,30,150,,
2023-11-02 12:01:31.910992,tf,NFO,40707,286.00,11.78,1698906691,376.75,9121395,286.00,286.65,90,105,,
2023-11-02 12:01:31.913266,tf,NFO,40707,286.00,11.78,1698906691,376.75,9121395,286.00,286.65,90,105,,
2023-11-02 12:01:31.917255,tf,NFO,40707,286.10,11.82,1698906691,,,,,,,,
2023-11-02 12:01:31.919253,tf,NFO,40707,286.10,11.82,1698906691,,,,,,,,
2023-11-02 12:01:33.022092,tf,NFO,40707,286.95,12.16,1698906692,,,,,,,,
2023-11-02 12:01:33.024133,tf,NFO,40707,286.95,12.16,1698906692,,,,,,,,
2023-11-02 12:01:33.037199,tf,NFO,40707,286.55,12.00,1698906692,376.70,9127005,286.15,286.70,45,210,,
2023-11-02 12:01:33.039194,tf,NFO,40707,286.55,12.00,1698906692,376.70,9127005,286.15,286.70,45,210,,
2023-11-02 12:01:33.764767,tf,NFO,40707,285.60,11.63,1698906693,376.69,9128175,285.05,285.60,15,45,,
2023-11-02 12:01:33.766764,tf,NFO,40707,285.60,11.63,1698906693,376.69,9128175,285.05,285.60,15,45,,
2023-11-02 12:01:33.900957,tf,NFO,40707,285.15,11.45,1698906693,,,,,,,,
2023-11-02 12:01:33.901999,tf,NFO,40707,285.15,11.45,1698906693,,,,,,,,
2023-11-02 12:01:34.763846,tf,NFO,40707,285.35,11.53,1698906694,376.68,9129060,285.10,285.35,315,120,,
2023-11-02 12:01:34.767844,tf,NFO,40707,285.35,11.53,1698906694,376.68,9129060,285.10,285.35,315,120,,
2023-11-02 12:01:34.900543,tf,NFO,40707,285.05,11.41,1698906694,,,,,,,,
2023-11-02 12:01:34.913951,tf,NFO,40707,285.05,11.41,1698906694,,,,,,,,
2023-11-02 12:01:35.765915,tf,NFO,40707,288.05,12.59,1698906695,376.61,9136275,288.05,288.30,765,60,,
2023-11-02 12:01:35.775935,tf,NFO,40707,288.05,12.59,1698906695,376.61,9136275,288.05,288.30,765,60,,
2023-11-02 12:01:35.901208,tf,NFO,40707,288.00,12.57,1698906695,,,,,,,,
2023-11-02 12:01:35.901208,tf,NFO,40707,288.00,12.57,1698906695,,,,,,,,
2023-11-02 12:01:36.768623,tf,NFO,40707,287.05,12.19,1698906696,376.59,9138345,286.95,287.35,45,15,,
2023-11-02 12:01:36.770173,tf,NFO,40707,287.05,12.19,1698906696,376.59,9138345,286.95,287.35,45,15,,
2023-11-02 12:01:36.901102,tf,NFO,40707,287.40,12.33,1698906696,,,,,,,,
2023-11-02 12:01:36.984899,tf,NFO,40707,287.40,12.33,1698906696,,,,,,,,
2023-11-02 12:01:37.775347,tf,NFO,40707,286.30,11.90,1698906697,376.54,9142800,286.35,287.00,105,255,,
2023-11-02 12:01:37.790208,tf,NFO,40707,286.30,11.90,1698906697,376.54,9142800,286.35,287.00,105,255,,
2023-11-02 12:01:37.902185,tf,NFO,40707,286.95,12.16,1698906697,,,,,,,,
2023-11-02 12:01:37.905863,tf,NFO,40707,286.95,12.16,1698906697,,,,,,,,
2023-11-02 12:01:38.920409,tf,NFO,40707,285.10,11.43,1698906698,,,,,,,,
2023-11-02 12:01:38.920920,tf,NFO,40707,285.10,11.43,1698906698,,,,,,,,
2023-11-02 12:01:38.981823,tf,NFO,40707,285.30,11.51,1698906698,376.50,9147255,285.00,285.50,135,15,,
2023-11-02 12:01:38.984237,tf,NFO,40707,285.30,11.51,1698906698,376.50,9147255,285.00,285.50,135,15,,
2023-11-02 12:01:39.902742,tf,NFO,40707,285.35,11.53,1698906699,,,,,,,,
2023-11-02 12:01:39.902742,tf,NFO,40707,285.35,11.53,1698906699,,,,,,,,
2023-11-02 12:01:40.177170,tf,NFO,40707,285.95,11.76,1698906699,376.49,9148425,285.30,285.90,105,75,,
2023-11-02 12:01:40.256094,tf,NFO,40707,285.95,11.76,1698906699,376.49,9148425,285.30,285.90,105,75,,
2023-11-02 12:01:41.330342,tf,NFO,40707,286.45,11.96,1698906700,376.48,9148695,285.95,286.50,120,975,,
2023-11-02 12:01:41.330849,tf,NFO,40707,286.45,11.96,1698906700,376.48,9148695,285.95,286.50,120,975,,
2023-11-02 12:01:41.333293,tf,NFO,40707,286.50,11.98,1698906700,,,,,,,,
2023-11-02 12:01:41.334204,tf,NFO,40707,286.50,11.98,1698906700,,,,,,,,
2023-11-02 12:01:41.904587,tf,NFO,40707,287.50,12.37,1698906701,,,,,,,,
2023-11-02 12:01:41.906057,tf,NFO,40707,287.50,12.37,1698906701,,,,,,,,
2023-11-02 12:01:41.980231,tf,NFO,40707,286.95,12.16,1698906701,376.45,9152385,286.90,287.45,300,45,,
2023-11-02 12:01:41.981782,tf,NFO,40707,286.95,12.16,1698906701,376.45,9152385,286.90,287.45,300,45,,
2023-11-02 12:01:42.904545,tf,NFO,40707,286.65,12.04,1698906702,,,,,,,,
2023-11-02 12:01:42.905543,tf,NFO,40707,286.65,12.04,1698906702,,,,,,,,
2023-11-02 12:01:42.979027,tf,NFO,40707,286.80,12.10,1698906702,376.42,9155535,286.20,286.70,45,105,,
2023-11-02 12:01:42.980027,tf,NFO,40707,286.80,12.10,1698906702,376.42,9155535,286.20,286.70,45,105,,
2023-11-02 12:01:44.012329,tf,NFO,40707,286.85,12.12,1698906703,,,,,,,,
2023-11-02 12:01:44.013409,tf,NFO,40707,286.85,12.12,1698906703,,,,,,,,
2023-11-02 12:01:44.181095,tf,NFO,40707,285.65,11.65,1698906703,376.38,9159585,286.00,286.45,60,15,,
2023-11-02 12:01:44.183295,tf,NFO,40707,285.65,11.65,1698906703,376.38,9159585,286.00,286.45,60,15,,
2023-11-02 12:01:44.918878,tf,NFO,40707,286.00,11.78,1698906704,,,,,,,,
2023-11-02 12:01:44.918878,tf,NFO,40707,286.00,11.78,1698906704,,,,,,,,
2023-11-02 12:01:45.222458,tf,NFO,40707,285.35,11.53,1698906704,376.36,9161055,285.25,285.80,75,30,,
2023-11-02 12:01:45.233742,tf,NFO,40707,285.35,11.53,1698906704,376.36,9161055,285.25,285.80,75,30,,
2023-11-02 12:01:45.781733,tf,NFO,40707,285.05,11.41,1698906705,376.35,9162465,284.70,285.10,15,225,,
2023-11-02 12:01:45.787465,tf,NFO,40707,285.05,11.41,1698906705,376.35,9162465,284.70,285.10,15,225,,
2023-11-02 12:01:45.916921,tf,NFO,40707,284.65,11.26,1698906705,,,,,,,,
2023-11-02 12:01:45.918934,tf,NFO,40707,284.65,11.26,1698906705,,,,,,,,
2023-11-02 12:01:46.851642,tf,NFO,40707,285.85,11.73,1698906706,376.34,9163620,285.35,285.80,75,15,,
2023-11-02 12:01:46.854794,tf,NFO,40707,285.85,11.73,1698906706,376.34,9163620,285.35,285.80,75,15,,
2023-11-02 12:01:47.008475,tf,NFO,40707,285.90,11.75,1698906706,,,,,,,,
2023-11-02 12:01:47.013465,tf,NFO,40707,285.90,11.75,1698906706,,,,,,,,
2023-11-02 12:01:47.907228,tf,NFO,40707,286.75,12.08,1698906707,,,,,,,,
2023-11-02 12:01:47.907228,tf,NFO,40707,286.75,12.08,1698906707,,,,,,,,
2023-11-02 12:01:47.987518,tf,NFO,40707,286.05,11.80,1698906707,376.29,9168345,286.10,286.55,30,45,,
2023-11-02 12:01:47.988522,tf,NFO,40707,286.05,11.80,1698906707,376.29,9168345,286.10,286.55,30,45,,
2023-11-02 12:01:48.939331,tf,NFO,40707,285.65,11.65,1698906708,,,,,,,,
2023-11-02 12:01:48.939331,tf,NFO,40707,285.65,11.65,1698906708,,,,,,,,
2023-11-02 12:01:49.186943,tf,NFO,40707,285.45,11.57,1698906708,376.23,9174795,285.45,286.00,15,135,,
2023-11-02 12:01:49.199562,tf,NFO,40707,285.45,11.57,1698906708,376.23,9174795,285.45,286.00,15,135,,
2023-11-02 12:01:49.790740,tf,NFO,40707,286.60,12.02,1698906709,376.20,9177270,286.15,286.65,105,75,,
2023-11-02 12:01:49.793188,tf,NFO,40707,286.60,12.02,1698906709,376.20,9177270,286.15,286.65,105,75,,
2023-11-02 12:01:49.906996,tf,NFO,40707,286.70,12.06,1698906709,,,,,,,,
2023-11-02 12:01:49.909001,tf,NFO,40707,286.70,12.06,1698906709,,,,,,,,
2023-11-02 12:01:50.910009,tf,NFO,40707,286.05,11.80,1698906710,,,,,,,,
2023-11-02 12:01:50.911102,tf,NFO,40707,286.05,11.80,1698906710,,,,,,,,
2023-11-02 12:01:50.989079,tf,NFO,40707,286.10,11.82,1698906710,376.18,9179190,285.65,286.15,60,135,,
2023-11-02 12:01:50.990648,tf,NFO,40707,286.10,11.82,1698906710,376.18,9179190,285.65,286.15,60,135,,
2023-11-02 12:01:51.909309,tf,NFO,40707,286.05,11.80,1698906711,,,,,,,,
2023-11-02 12:01:51.910751,tf,NFO,40707,286.05,11.80,1698906711,,,,,,,,
2023-11-02 12:01:52.909773,tf,NFO,40707,285.60,11.63,1698906712,,,,,,,,
2023-11-02 12:01:52.910761,tf,NFO,40707,285.60,11.63,1698906712,,,,,,,,
2023-11-02 12:01:53.194860,tf,NFO,40707,285.00,11.39,1698906712,376.10,9187635,284.95,285.20,135,105,,
2023-11-02 12:01:53.196769,tf,NFO,40707,285.00,11.39,1698906712,376.10,9187635,284.95,285.20,135,105,,
2023-11-02 12:01:53.980875,tf,NFO,40707,285.50,11.59,1698906713,,,,,,,,
2023-11-02 12:01:54.010379,tf,NFO,40707,285.50,11.59,1698906713,,,,,,,,
2023-11-02 12:01:54.913690,tf,NFO,40707,284.25,11.10,1698906714,,,,,,,,
2023-11-02 12:01:54.915763,tf,NFO,40707,284.25,11.10,1698906714,,,,,,,,
2023-11-02 12:01:54.996163,tf,NFO,40707,284.65,11.26,1698906714,376.04,9193785,283.95,284.50,15,180,,
2023-11-02 12:01:54.999606,tf,NFO,40707,284.65,11.26,1698906714,376.04,9193785,283.95,284.50,15,180,,
2023-11-02 12:01:55.909912,tf,NFO,40707,283.25,10.71,1698906715,,,,,,,,
2023-11-02 12:01:55.911331,tf,NFO,40707,283.25,10.71,1698906715,,,,,,,,
2023-11-02 12:01:56.195521,tf,NFO,40707,283.50,10.81,1698906715,376.01,9197295,283.10,283.50,30,75,,
2023-11-02 12:01:56.196687,tf,NFO,40707,283.50,10.81,1698906715,376.01,9197295,283.10,283.50,30,75,,
2023-11-02 12:01:56.795347,tf,NFO,40707,283.20,10.69,1698906716,376.00,9197850,283.25,283.75,75,30,,
2023-11-02 12:01:56.796466,tf,NFO,40707,283.20,10.69,1698906716,376.00,9197850,283.25,283.75,75,30,,
2023-11-02 12:01:56.909451,tf,NFO,40707,283.30,10.73,1698906716,,,,,,,,
2023-11-02 12:01:56.911123,tf,NFO,40707,283.30,10.73,1698906716,,,,,,,,
2023-11-02 12:01:57.802779,tf,NFO,40707,285.10,11.43,1698906717,375.98,9199335,284.65,285.25,90,,,
2023-11-02 12:01:57.805288,tf,NFO,40707,285.10,11.43,1698906717,375.98,9199335,284.65,285.25,90,,,
2023-11-02 12:01:57.932394,tf,NFO,40707,284.70,11.28,1698906717,,,,,,,,
2023-11-02 12:01:57.936506,tf,NFO,40707,284.70,11.28,1698906717,,,,,,,,
2023-11-02 12:01:59.147434,tf,NFO,40707,284.90,11.35,1698906718,,,,,,,,
2023-11-02 12:01:59.150460,tf,NFO,40707,284.70,11.28,1698906718,375.96,9201660,284.60,284.70,30,675,,
2023-11-02 12:01:59.184460,tf,NFO,40707,284.90,11.35,1698906718,,,,,,,,
2023-11-02 12:01:59.233957,tf,NFO,40707,284.70,11.28,1698906718,375.96,9201660,284.60,284.70,30,675,,
2023-11-02 12:01:59.927827,tf,NFO,40707,284.15,11.06,1698906719,,,,,,,,
2023-11-02 12:01:59.929823,tf,NFO,40707,284.15,11.06,1698906719,,,,,,,,
2023-11-02 12:02:00.004489,tf,NFO,40707,284.40,11.16,1698906719,375.93,9205110,284.35,284.90,,60,,
2023-11-02 12:02:00.007353,tf,NFO,40707,284.40,11.16,1698906719,375.93,9205110,284.35,284.90,,60,,
2023-11-02 12:02:00.913613,tf,NFO,40707,284.70,11.28,1698906720,,,,,,,,
2023-11-02 12:02:00.915085,tf,NFO,40707,284.70,11.28,1698906720,,,,,,,,
2023-11-02 12:02:01.209766,tf,NFO,40707,285.30,11.51,1698906720,375.92,9205920,284.75,285.40,285,120,,
2023-11-02 12:02:01.242894,tf,NFO,40707,285.30,11.51,1698906720,375.92,9205920,284.75,285.40,285,120,,
2023-11-02 12:02:01.814706,tf,NFO,40707,287.95,12.55,1698906721,375.90,9208365,287.40,287.85,75,,,
2023-11-02 12:02:01.815773,tf,NFO,40707,287.95,12.55,1698906721,375.90,9208365,287.40,287.85,75,,,
2023-11-02 12:02:02.807808,tf,NFO,40707,287.05,12.19,1698906722,375.88,9209895,287.20,287.70,90,45,,
2023-11-02 12:02:02.809793,tf,NFO,40707,287.05,12.19,1698906722,375.88,9209895,287.20,287.70,90,45,,
2023-11-02 12:02:02.920310,tf,NFO,40707,287.20,12.25,1698906722,,,,,,,,
2023-11-02 12:02:02.921372,tf,NFO,40707,287.20,12.25,1698906722,,,,,,,,
2023-11-02 12:02:04.064639,tf,NFO,40707,285.70,11.67,1698906723,375.82,9215985,285.85,286.35,60,,,
2023-11-02 12:02:04.066915,tf,NFO,40707,285.70,11.67,1698906723,375.82,9215985,285.85,286.35,60,,,
2023-11-02 12:02:04.093147,tf,NFO,40707,286.25,11.88,1698906723,,,,,,,,
2023-11-02 12:02:04.095680,tf,NFO,40707,286.25,11.88,1698906723,,,,,,,,
2023-11-02 12:02:04.915154,tf,NFO,40707,287.65,12.43,1698906724,,,,,,,,
2023-11-02 12:02:04.923371,tf,NFO,40707,287.65,12.43,1698906724,,,,,,,,
2023-11-02 12:02:05.017359,tf,NFO,40707,286.90,12.14,1698906724,375.77,9221325,286.30,286.75,105,15,,
2023-11-02 12:02:05.019355,tf,NFO,40707,286.90,12.14,1698906724,375.77,9221325,286.30,286.75,105,15,,
2023-11-02 12:02:05.917522,tf,NFO,40707,287.15,12.23,1698906725,,,,,,,,
2023-11-02 12:02:05.925421,tf,NFO,40707,287.15,12.23,1698906725,,,,,,,,
2023-11-02 12:02:06.219271,tf,NFO,40707,287.25,12.27,1698906725,375.69,9229485,286.70,287.25,30,255,,
2023-11-02 12:02:06.220610,tf,NFO,40707,287.25,12.27,1698906725,375.69,9229485,286.70,287.25,30,255,,
2023-11-02 12:02:06.942846,tf,NFO,40707,286.50,11.98,1698906726,,,,,,,,
2023-11-02 12:02:06.956753,tf,NFO,40707,286.50,11.98,1698906726,,,,,,,,
2023-11-02 12:02:07.023290,tf,NFO,40707,286.80,12.10,1698906726,375.67,9231735,286.15,286.75,150,75,,
2023-11-02 12:02:07.032044,tf,NFO,40707,286.80,12.10,1698906726,375.67,9231735,286.15,286.75,150,75,,
2023-11-02 12:02:08.022622,tf,NFO,40707,286.25,11.88,1698906727,,,,,,,,
2023-11-02 12:02:08.025687,tf,NFO,40707,286.25,11.88,1698906727,,,,,,,,
2023-11-02 12:02:08.230817,tf,NFO,40707,286.40,11.94,1698906727,375.66,9232575,286.50,287.00,90,45,,
2023-11-02 12:02:08.234554,tf,NFO,40707,286.40,11.94,1698906727,375.66,9232575,286.50,287.00,90,45,,
2023-11-02 12:02:08.920092,tf,NFO,40707,288.40,12.72,1698906728,,,,,,,,
2023-11-02 12:02:08.922083,tf,NFO,40707,288.40,12.72,1698906728,,,,,,,,
2023-11-02 12:02:09.219193,tf,NFO,40707,287.65,12.43,1698906728,375.65,9233445,287.45,288.05,150,,,
2023-11-02 12:02:09.223838,tf,NFO,40707,287.65,12.43,1698906728,375.65,9233445,287.45,288.05,150,,,
2023-11-02 12:02:09.827400,tf,NFO,40707,286.90,12.14,1698906729,,9234030,286.35,287.00,30,90,,
2023-11-02 12:02:09.828407,tf,NFO,40707,286.90,12.14,1698906729,,9234030,286.35,287.00,30,90,,
2023-11-02 12:02:10.822608,tf,NFO,40707,286.95,12.16,1698906730,375.64,9235260,286.90,287.45,90,270,,
2023-11-02 12:02:10.831156,tf,NFO,40707,286.95,12.16,1698906730,375.64,9235260,286.90,287.45,90,270,,
2023-11-02 12:02:10.918814,tf,NFO,40707,287.30,12.29,1698906730,,,,,,,,
2023-11-02 12:02:10.919334,tf,NFO,40707,287.30,12.29,1698906730,,,,,,,,
2023-11-02 12:02:11.828456,tf,NFO,40707,287.45,12.35,1698906731,375.63,9236130,287.55,288.00,120,165,,
2023-11-02 12:02:11.836480,tf,NFO,40707,287.45,12.35,1698906731,375.63,9236130,287.55,288.00,120,165,,
2023-11-02 12:02:11.919287,tf,NFO,40707,287.35,12.31,1698906731,,,,,,,,
2023-11-02 12:02:11.920303,tf,NFO,40707,287.35,12.31,1698906731,,,,,,,,
2023-11-02 12:02:12.820843,tf,NFO,40707,288.40,12.72,1698906732,375.60,9239010,287.80,288.35,45,75,,
2023-11-02 12:02:12.821649,tf,NFO,40707,288.40,12.72,1698906732,375.60,9239010,287.80,288.35,45,75,,
2023-11-02 12:02:12.919925,tf,NFO,40707,287.30,12.29,1698906732,,,,,,,,
2023-11-02 12:02:12.921325,tf,NFO,40707,287.30,12.29,1698906732,,,,,,,,
2023-11-02 12:02:13.825261,tf,NFO,40707,287.85,12.51,1698906733,,9239520,287.50,288.00,150,345,,
2023-11-02 12:02:13.826855,tf,NFO,40707,287.85,12.51,1698906733,,9239520,287.50,288.00,150,345,,
2023-11-02 12:02:13.921153,tf,NFO,40707,287.45,12.35,1698906733,,,,,,,,
2023-11-02 12:02:13.922162,tf,NFO,40707,287.45,12.35,1698906733,,,,,,,,
2023-11-02 12:02:14.831244,tf,NFO,40707,287.25,12.27,1698906734,375.58,9241470,286.90,287.25,90,105,,
2023-11-02 12:02:14.833312,tf,NFO,40707,287.25,12.27,1698906734,375.58,9241470,286.90,287.25,90,105,,
2023-11-02 12:02:14.921508,tf,NFO,40707,286.70,12.06,1698906734,,,,,,,,
2023-11-02 12:02:14.922636,tf,NFO,40707,286.70,12.06,1698906734,,,,,,,,
2023-11-02 12:02:15.921801,tf,NFO,40707,286.05,11.80,1698906735,,,,,,,,
2023-11-02 12:02:15.923795,tf,NFO,40707,286.05,11.80,1698906735,,,,,,,,
2023-11-02 12:02:16.040280,tf,NFO,40707,285.85,11.73,1698906735,375.56,9243525,285.30,285.85,195,15,,
2023-11-02 12:02:16.042270,tf,NFO,40707,285.85,11.73,1698906735,375.56,9243525,285.30,285.85,195,15,,
2023-11-02 12:02:17.176253,tf,NFO,40707,285.15,11.45,1698906736,,,,,,,,
2023-11-02 12:02:17.201068,tf,NFO,40707,285.15,11.45,1698906736,,,,,,,,
2023-11-02 12:02:17.235236,tf,NFO,40707,285.20,11.47,1698906736,375.54,9245550,285.15,285.75,45,165,,
2023-11-02 12:02:17.263767,tf,NFO,40707,285.20,11.47,1698906736,375.54,9245550,285.15,285.75,45,165,,
2023-11-02 12:02:17.843854,tf,NFO,40707,286.30,11.90,1698906737,375.53,9246210,285.85,286.45,240,60,,
2023-11-02 12:02:17.846415,tf,NFO,40707,286.30,11.90,1698906737,375.53,9246210,285.85,286.45,240,60,,
2023-11-02 12:02:19.833518,tf,NFO,40707,288.20,12.64,1698906739,375.48,9251100,288.10,288.70,210,180,,
2023-11-02 12:02:19.836958,tf,NFO,40707,288.20,12.64,1698906739,375.48,9251100,288.10,288.70,210,180,,
2023-11-02 12:02:20.841313,tf,NFO,40707,287.60,12.41,1698906740,375.47,9252585,287.45,288.00,30,165,,
2023-11-02 12:02:20.844836,tf,NFO,40707,287.60,12.41,1698906740,375.47,9252585,287.45,288.00,30,165,,
2023-11-02 12:02:21.837438,tf,NFO,40707,287.10,12.21,1698906741,375.46,9253965,286.90,287.40,,150,,
2023-11-02 12:02:21.837944,tf,NFO,40707,287.10,12.21,1698906741,375.46,9253965,286.90,287.40,,150,,
2023-11-02 12:02:21.988416,tf,NFO,40707,286.85,12.12,1698906741,,,,,,,,
2023-11-02 12:02:21.988416,tf,NFO,40707,286.85,12.12,1698906741,,,,,,,,
2023-11-02 12:02:22.943178,tf,NFO,40707,287.05,12.19,1698906742,375.45,9254925,286.35,286.65,,135,,
