timestamp,t,e,tk,lp,pc,ft,v,sp1,bq1,sq1,bp1,ap,oi,l,_id
2023-12-08 10:28:26.482825,tf,NFO,39169,237.30,-29.51,1702011506,,,,,,,,,
2023-12-08 10:28:26.806128,tf,NFO,39169,236.55,-29.73,1702011506,14032110,236.65,75,165,,,,,
2023-12-08 10:28:27.473325,tf,NFO,39169,238.05,-29.29,1702011507,,,,,,,,,
2023-12-08 10:28:28.009725,tf,NFO,39169,237.70,-29.39,1702011508,14033355,237.75,315,345,237.30,,,,
2023-12-08 10:28:28.474618,tf,NFO,39169,237.75,-29.38,1702011508,,,,,,,,,
2023-12-08 10:28:29.475737,tf,NFO,39169,237.65,-29.41,1702011509,,,,,,,,,
2023-12-08 10:28:29.806737,tf,NFO,39169,237.90,-29.33,1702011509,14033985,237.80,300,150,237.35,,,,
2023-12-08 10:28:30.476117,tf,NFO,39169,236.70,-29.69,1702011510,,,,,,,,,
2023-12-08 10:28:31.007800,tf,NFO,39169,237.00,-29.60,1702011511,14035155,237.00,165,15,236.60,275.06,,,
2023-12-08 10:28:31.477040,tf,NFO,39169,236.65,-29.70,1702011511,,,,,,,,,
2023-12-08 10:28:32.477847,tf,NFO,39169,238.00,-29.30,1702011512,,,,,,,,,
2023-12-08 10:28:33.479028,tf,NFO,39169,240.00,-28.71,1702011513,,,,,,,,,
2023-12-08 10:28:33.610891,tf,NFO,39169,239.00,-29.01,1702011513,14036055,239.50,135,225,238.95,,,,
2023-12-08 10:28:34.479471,tf,NFO,39169,238.40,-29.18,1702011514,,,,,,,,,
2023-12-08 10:28:34.616570,tf,NFO,39169,239.05,-28.99,1702011514,14036565,238.65,300,210,238.20,,,,
2023-12-08 10:28:35.480579,tf,NFO,39169,237.95,-29.32,1702011515,,,,,,,,,
2023-12-08 10:28:35.817337,tf,NFO,39169,238.40,-29.18,1702011515,14036775,238.20,30,45,237.80,,,,
2023-12-08 10:28:36.480743,tf,NFO,39169,238.35,-29.20,1702011516,,,,,,,,,
2023-12-08 10:28:36.615160,tf,NFO,39169,239.45,-28.87,1702011516,14038080,239.45,45,180,239.10,275.05,,,
2023-12-08 10:28:37.482282,tf,NFO,39169,238.30,-29.21,1702011517,,,,,,,,,
2023-12-08 10:28:38.482857,tf,NFO,39169,240.00,-28.71,1702011518,,,,,,,,,
2023-12-08 10:28:39.483588,tf,NFO,39169,239.70,-28.80,1702011519,,,,,,,,,
2023-12-08 10:28:39.623692,tf,NFO,39169,239.00,-29.01,1702011519,14040540,239.15,60,30,238.95,,,,
2023-12-08 10:28:40.485428,tf,NFO,39169,238.90,-29.04,1702011520,,,,,,,,,
2023-12-08 10:28:40.824680,tf,NFO,39169,238.95,-29.02,1702011520,14042265,238.85,105,300,238.45,275.04,,,
2023-12-08 10:28:41.484724,tf,NFO,39169,238.80,-29.07,1702011521,,,,,,,,,
2023-12-08 10:28:42.024389,tf,NFO,39169,237.65,-29.41,1702011522,14043315,237.85,240,135,237.55,,,,
2023-12-08 10:28:42.486230,tf,NFO,39169,237.45,-29.47,1702011522,,,,,,,,,
2023-12-08 10:28:43.486117,tf,NFO,39169,236.95,-29.62,1702011523,,,,,,,,,
2023-12-08 10:28:43.629293,tf,NFO,39169,237.65,-29.41,1702011523,14044500,237.35,30,30,236.95,,,,
2023-12-08 10:28:44.487493,tf,NFO,39169,236.75,-29.67,1702011524,,,,,,,,,
2023-12-08 10:28:44.830571,tf,NFO,39169,236.55,-29.73,1702011524,14044800,236.55,285,75,236.10,,,,
2023-12-08 10:28:45.487981,tf,NFO,39169,236.25,-29.82,1702011525,,,,,,,,,
2023-12-08 10:28:46.032118,tf,NFO,39169,235.55,-30.03,1702011526,14046300,235.70,30,15,235.45,275.03,,,
2023-12-08 10:28:46.489112,tf,NFO,39169,234.70,-30.28,1702011526,,,,,,,,,
2023-12-08 10:28:47.033591,tf,NFO,39169,235.25,-30.12,1702011527,14050455,235.25,45,180,235.05,275.02,,,
2023-12-08 10:28:47.489169,tf,NFO,39169,235.40,-30.08,1702011527,,,,,,,,,
2023-12-08 10:28:48.034687,tf,NFO,39169,234.85,-30.24,1702011528,14051265,235.15,15,15,234.85,,,,
2023-12-08 10:28:48.490217,tf,NFO,39169,235.25,-30.12,1702011528,,,,,,,,,
2023-12-08 10:28:48.632587,tf,NFO,39169,234.90,-30.22,1702011528,14051775,235.05,30,120,,,,,
2023-12-08 10:28:49.490799,tf,NFO,39169,234.55,-30.33,1702011529,,,,,,,,,
2023-12-08 10:28:50.492028,tf,NFO,39169,234.80,-30.25,1702011530,,,,,,,,,
2023-12-08 10:28:50.840206,tf,NFO,39169,235.15,-30.15,1702011530,14053320,235.30,780,30,234.85,275.01,,,
2023-12-08 10:28:51.492298,tf,NFO,39169,234.60,-30.31,1702011531,,,,,,,,,
2023-12-08 10:28:52.493218,tf,NFO,39169,234.10,-30.46,1702011532,,,,,,,,,
2023-12-08 10:28:52.844204,tf,NFO,39169,234.00,-30.49,1702011532,14055930,233.85,225,315,233.40,,,,
2023-12-08 10:28:53.493544,tf,NFO,39169,233.15,-30.74,1702011533,,,,,,,,,
2023-12-08 10:28:54.044802,tf,NFO,39169,233.05,-30.77,1702011534,14056515,233.25,45,15,233.05,275.00,,,
2023-12-08 10:28:54.494041,tf,NFO,39169,232.60,-30.91,1702011534,,,,,,,,,
2023-12-08 10:28:54.644926,tf,NFO,39169,232.85,-30.83,1702011534,14058105,232.95,510,240,232.50,,,,
2023-12-08 10:28:55.494731,tf,NFO,39169,232.70,-30.88,1702011535,,,,,,,,,
2023-12-08 10:28:55.845906,tf,NFO,39169,232.65,-30.89,1702011535,14061405,233.00,75,15,232.85,274.99,,,
2023-12-08 10:28:56.495579,tf,NFO,39169,231.95,-31.10,1702011536,,,,,,,,,
2023-12-08 10:28:57.647917,tf,NFO,39169,232.30,-31.00,1702011537,14065680,232.00,255,15,231.65,,,,
2023-12-08 10:28:58.496101,tf,NFO,39169,231.30,-31.29,1702011538,,,,,,,,,
2023-12-08 10:28:59.497396,tf,NFO,39169,231.45,-31.25,1702011539,,,,,,,,,
2023-12-08 10:28:59.850276,tf,NFO,39169,231.35,-31.28,1702011539,14070015,231.45,165,,231.25,274.96,,,
2023-12-08 10:29:00.497673,tf,NFO,39169,230.95,-31.40,1702011540,,,,,,,,,
2023-12-08 10:29:00.855425,tf,NFO,39169,230.80,-31.44,1702011540,14073660,230.95,75,135,230.60,274.95,,,
2023-12-08 10:29:01.498678,tf,NFO,39169,230.90,-31.41,1702011541,,,,,,,,,
2023-12-08 10:29:02.056553,tf,NFO,39169,229.60,-31.80,1702011542,14079450,230.00,,180,229.55,274.93,,,
2023-12-08 10:29:02.499646,tf,NFO,39169,230.60,-31.50,1702011542,,,,,,,,,
2023-12-08 10:29:02.658006,tf,NFO,39169,231.00,-31.38,1702011542,14087430,230.95,195,15,230.90,274.91,,,
2023-12-08 10:29:03.499858,tf,NFO,39169,230.15,-31.64,1702011543,,,,,,,,,
2023-12-08 10:29:03.659589,tf,NFO,39169,230.40,-31.56,1702011543,14089350,230.40,45,210,230.10,274.90,,,
2023-12-08 10:29:04.699767,tf,NFO,39169,227.15,-32.53,1702011544,,,,,,,,,
2023-12-08 10:29:04.862144,tf,NFO,39169,227.80,-32.33,1702011544,14097045,227.85,90,300,227.50,274.88,,,
2023-12-08 10:29:05.500911,tf,NFO,39169,227.15,-32.53,1702011545,,,,,,,,,
2023-12-08 10:29:05.863889,tf,NFO,39169,226.35,-32.76,1702011545,14101230,226.65,75,195,226.20,274.86,,,
2023-12-08 10:29:06.501537,tf,NFO,39169,225.70,-32.96,1702011546,,,,,,,,,
2023-12-08 10:29:06.661443,tf,NFO,39169,225.15,-33.12,1702011546,14114835,225.65,60,135,225.25,274.81,,,
2023-12-08 10:29:07.501366,tf,NFO,39169,224.85,-33.21,1702011547,,,,,,,,,
2023-12-08 10:29:07.667508,tf,NFO,39169,224.35,-33.36,1702011547,14117085,224.80,30,165,224.40,,,,
2023-12-08 10:29:08.502819,tf,NFO,39169,222.80,-33.82,1702011548,,,,,,,,,
2023-12-08 10:29:08.868518,tf,NFO,39169,224.10,-33.43,1702011548,14126100,224.10,45,150,223.75,274.77,,,
2023-12-08 10:29:09.502849,tf,NFO,39169,223.05,-33.74,1702011549,,,,,,,,,
2023-12-08 10:29:10.070324,tf,NFO,39169,223.90,-33.49,1702011550,14129880,224.15,135,45,,274.76,,,
2023-12-08 10:29:10.503238,tf,NFO,39169,221.75,-34.13,1702011550,,,,,,,,,
2023-12-08 10:29:10.669098,tf,NFO,39169,222.80,-33.82,1702011550,14133255,222.90,240,120,222.50,274.75,,,
2023-12-08 10:29:11.503520,tf,NFO,39169,223.90,-33.49,1702011551,,,,,,,,,
2023-12-08 10:29:11.669383,tf,NFO,39169,224.30,-33.37,1702011551,14136240,224.35,135,15,224.30,274.74,,,
2023-12-08 10:29:12.671019,tf,NFO,39169,223.90,-33.49,1702011552,14139060,224.25,120,,223.95,274.73,,,
2023-12-08 10:29:13.675989,tf,NFO,39169,222.65,-33.86,1702011553,14140110,222.65,105,255,222.25,274.72,,,
2023-12-08 10:29:13.703626,tf,NFO,39169,222.20,-34.00,1702011553,,,,,,,,,
2023-12-08 10:29:14.504100,tf,NFO,39169,220.55,-34.49,1702011554,,,,,,,,,
2023-12-08 10:29:14.678755,tf,NFO,39169,220.35,-34.55,1702011554,14153775,220.45,15,45,220.15,274.67,,,
2023-12-08 10:29:15.504728,tf,NFO,39169,220.25,-34.58,1702011555,,,,,,,,,
2023-12-08 10:29:15.679195,tf,NFO,39169,220.40,-34.53,1702011555,14159070,220.80,60,15,220.50,274.65,,,
2023-12-08 10:29:16.504704,tf,NFO,39169,221.85,-34.10,1702011556,,,,,,,,,
2023-12-08 10:29:16.679357,tf,NFO,39169,222.35,-33.95,1702011556,14165820,222.25,30,45,221.90,274.62,,,
2023-12-08 10:29:17.505509,tf,NFO,39169,220.75,-34.43,1702011557,,,,,,,,,
2023-12-08 10:29:17.680633,tf,NFO,39169,220.20,-34.59,1702011557,14170500,220.20,225,60,220.10,274.61,,,
2023-12-08 10:29:18.505980,tf,NFO,39169,220.95,-34.37,1702011558,,,,,,,,,
2023-12-08 10:29:18.681222,tf,NFO,39169,220.05,-34.64,1702011558,14173755,220.00,105,240,219.60,274.59,,,
2023-12-08 10:29:19.506624,tf,NFO,39169,220.90,-34.38,1702011559,,,,,,,,,
2023-12-08 10:29:20.506609,tf,NFO,39169,219.60,-34.77,1702011560,,,,,,,,,
2023-12-08 10:29:20.685825,tf,NFO,39169,220.10,-34.62,1702011560,14183115,220.45,15,330,220.20,274.56,,,
2023-12-08 10:29:21.506854,tf,NFO,39169,219.85,-34.69,1702011561,,,,,,,,,
2023-12-08 10:29:21.685035,tf,NFO,39169,220.70,-34.44,1702011561,14187405,220.70,150,15,220.25,274.54,,,
2023-12-08 10:29:22.508095,tf,NFO,39169,218.00,-35.24,1702011562,,,,,,,,,
2023-12-08 10:29:22.688247,tf,NFO,39169,218.75,-35.02,1702011562,14190810,218.95,195,90,218.70,274.53,,,
2023-12-08 10:29:23.689793,tf,NFO,39169,218.70,-35.04,1702011563,14203305,218.65,45,15,218.45,274.48,,,
2023-12-08 10:29:24.508562,tf,NFO,39169,216.60,-35.66,1702011564,,,,,,,,,
2023-12-08 10:29:24.692647,tf,NFO,39169,216.00,-35.84,1702011564,14207880,216.35,15,60,216.00,274.46,,,
2023-12-08 10:29:25.509293,tf,NFO,39169,216.20,-35.78,1702011565,,,,,,,,,
2023-12-08 10:29:25.693665,tf,NFO,39169,216.30,-35.75,1702011565,14216700,216.90,30,105,216.60,274.42,,,
2023-12-08 10:29:26.509451,tf,NFO,39169,214.65,-36.24,1702011566,,,,,,,,,
2023-12-08 10:29:26.696161,tf,NFO,39169,215.45,-36.00,1702011566,14238180,215.65,,360,215.25,274.33,,,
2023-12-08 10:29:27.509845,tf,NFO,39169,213.90,-36.46,1702011567,,,,,,,,,
2023-12-08 10:29:27.704684,tf,NFO,39169,213.85,-36.48,1702011567,14247555,214.05,90,120,213.70,274.29,,,
2023-12-08 10:29:28.510535,tf,NFO,39169,210.85,-37.37,1702011568,,,,,,,,,
2023-12-08 10:29:28.701131,tf,NFO,39169,210.30,-37.53,1702011568,14268885,210.65,255,360,210.15,274.20,,,
2023-12-08 10:29:29.510732,tf,NFO,39169,210.55,-37.46,1702011569,,,,,,,,,
2023-12-08 10:29:29.704199,tf,NFO,39169,210.75,-37.40,1702011569,14274615,211.40,15,165,211.00,274.17,,,
2023-12-08 10:29:30.705204,tf,NFO,39169,211.05,-37.31,1702011570,14282655,,30,135,211.05,274.14,,,
2023-12-08 10:29:31.511948,tf,NFO,39169,210.45,-37.49,1702011571,,,,,,,1791465,,
2023-12-08 10:29:31.702586,tf,NFO,39169,211.00,-37.32,1702011571,14289870,211.20,,285,210.75,274.11,,,
2023-12-08 10:29:32.512401,tf,NFO,39169,211.20,-37.26,1702011572,,,,,,,,,
2023-12-08 10:29:32.715260,tf,NFO,39169,210.75,-37.40,1702011572,14296770,211.35,105,165,211.05,274.08,,,
2023-12-08 10:29:33.511962,tf,NFO,39169,210.10,-37.59,1702011573,,,,,,,,,
2023-12-08 10:29:33.710718,tf,NFO,39169,211.30,-37.23,1702011573,14301720,210.95,15,105,210.50,274.05,,,
2023-12-08 10:29:34.512868,tf,NFO,39169,207.70,-38.30,1702011574,,,,,,,,,
2023-12-08 10:29:34.707354,tf,NFO,39169,209.00,-37.92,1702011574,14311650,209.35,60,60,208.95,274.01,,,
2023-12-08 10:29:35.513454,tf,NFO,39169,210.90,-37.35,1702011575,,,,,,,,,
2023-12-08 10:29:35.710214,tf,NFO,39169,210.30,-37.53,1702011575,14319495,210.70,45,105,210.25,273.97,,,
2023-12-08 10:29:36.514060,tf,NFO,39169,206.30,-38.72,1702011576,,,,,,,,,
2023-12-08 10:29:36.712195,tf,NFO,39169,206.45,-38.68,1702011576,14329710,206.70,105,30,206.35,273.93,,,
2023-12-08 10:29:37.514618,tf,NFO,39169,207.00,-38.51,1702011577,,,,,,,,,
2023-12-08 10:29:37.713965,tf,NFO,39169,207.25,-38.44,1702011577,14333190,207.70,30,15,207.30,273.91,,,
2023-12-08 10:29:38.514948,tf,NFO,39169,207.80,-38.27,1702011578,,,,,,,,,
2023-12-08 10:29:38.716650,tf,NFO,39169,206.70,-38.60,1702011578,14336880,206.95,120,210,206.55,273.89,,,
2023-12-08 10:29:39.515642,tf,NFO,39169,206.55,-38.65,1702011579,,,,,,,,,
2023-12-08 10:29:39.717158,tf,NFO,39169,207.70,-38.30,1702011579,14360745,208.25,15,105,207.90,273.78,,203.00,
2023-12-08 10:29:40.715821,tf,NFO,39169,211.55,-37.16,1702011580,,,,,,,,,
2023-12-08 10:29:40.920512,tf,NFO,39169,213.60,-36.55,1702011580,14367075,213.30,,,212.95,273.75,,,
2023-12-08 10:29:41.516097,tf,NFO,39169,213.15,-36.68,1702011581,,,,,,,,,
2023-12-08 10:29:41.920743,tf,NFO,39169,211.20,-37.26,1702011581,14371695,211.60,120,210,211.25,273.73,,,
2023-12-08 10:29:42.516851,tf,NFO,39169,211.60,-37.15,1702011582,,,,,,,,,
2023-12-08 10:29:42.722667,tf,NFO,39169,212.05,-37.01,1702011582,14376180,212.00,105,105,211.80,273.71,,,
2023-12-08 10:29:43.518075,tf,NFO,39169,211.40,-37.20,1702011583,,,,,,,,,
2023-12-08 10:29:43.723424,tf,NFO,39169,210.40,-37.50,1702011583,14380395,211.05,,150,210.40,273.69,,,
2023-12-08 10:29:44.517924,tf,NFO,39169,212.50,-36.88,1702011584,,,,,,,,,
2023-12-08 10:29:44.724077,tf,NFO,39169,213.85,-36.48,1702011584,14388810,213.95,60,,213.75,273.66,,,
2023-12-08 10:29:45.518078,tf,NFO,39169,213.30,-36.64,1702011585,,,,,,,,,
2023-12-08 10:29:45.725821,tf,NFO,39169,214.10,-36.40,1702011585,14392305,214.10,90,75,,273.64,,,
2023-12-08 10:29:46.518277,tf,NFO,39169,215.05,-36.12,1702011586,,,,,,,,,
2023-12-08 10:29:46.726110,tf,NFO,39169,215.35,-36.03,1702011586,14398185,215.40,135,45,215.15,273.62,,,
2023-12-08 10:29:47.519036,tf,NFO,39169,215.10,-36.11,1702011587,,,,,,,,,
2023-12-08 10:29:47.732544,tf,NFO,39169,214.45,-36.30,1702011587,14403585,214.40,75,90,214.05,273.60,,,
2023-12-08 10:29:48.519679,tf,NFO,39169,213.60,-36.55,1702011588,,,,,,,,,
2023-12-08 10:29:48.730142,tf,NFO,39169,213.75,-36.51,1702011588,14406525,213.95,135,15,213.55,273.58,,,
2023-12-08 10:29:49.520262,tf,NFO,39169,213.00,-36.73,1702011589,,,,,,,,,
2023-12-08 10:29:49.731714,tf,NFO,39169,212.25,-36.95,1702011589,14410110,212.70,225,60,212.25,273.57,,,
2023-12-08 10:29:50.520231,tf,NFO,39169,212.10,-37.00,1702011590,,,,,,,,,
2023-12-08 10:29:50.933048,tf,NFO,39169,209.40,-37.80,1702011590,14417160,209.00,60,,208.70,273.54,,,
2023-12-08 10:29:51.520729,tf,NFO,39169,207.35,-38.41,1702011591,,,,,,,,,
2023-12-08 10:29:51.738633,tf,NFO,39169,207.20,-38.45,1702011591,14421240,207.35,30,135,207.05,273.52,,,
2023-12-08 10:29:52.521069,tf,NFO,39169,207.00,-38.51,1702011592,,,,,,,,,
2023-12-08 10:29:52.736058,tf,NFO,39169,207.50,-38.36,1702011592,14424525,207.65,300,105,207.20,273.51,,,
2023-12-08 10:29:53.521667,tf,NFO,39169,208.55,-38.05,1702011593,,,,,,,,,
2023-12-08 10:29:53.737500,tf,NFO,39169,208.10,-38.19,1702011593,14429790,208.40,135,45,208.00,273.48,,,
2023-12-08 10:29:54.521807,tf,NFO,39169,207.20,-38.45,1702011594,,,,,,,,,
2023-12-08 10:29:54.738855,tf,NFO,39169,207.15,-38.47,1702011594,14438670,206.95,15,105,206.55,273.44,,,
2023-12-08 10:29:55.721604,tf,NFO,39169,205.60,-38.93,1702011595,,,,,,,,,
2023-12-08 10:29:55.738712,tf,NFO,39169,206.25,-38.73,1702011595,14452980,206.40,285,15,206.05,273.37,,,
2023-12-08 10:29:56.522346,tf,NFO,39169,201.60,-40.12,1702011596,,,,,,,,,
2023-12-08 10:29:56.743770,tf,NFO,39169,200.85,-40.34,1702011596,14485590,201.25,105,30,200.90,273.21,,199.30,
2023-12-08 10:29:57.522444,tf,NFO,39169,198.75,-40.96,1702011597,,,,,,,,,
2023-12-08 10:29:57.745037,tf,NFO,39169,198.50,-41.04,1702011597,14513385,198.60,240,105,198.30,273.07,,196.95,
2023-12-08 10:29:58.523173,tf,NFO,39169,198.10,-41.16,1702011598,,,,,,,,,
2023-12-08 10:29:58.745568,tf,NFO,39169,198.20,-41.13,1702011598,14530110,198.20,120,210,198.00,272.98,,196.85,
2023-12-08 10:29:59.524305,tf,NFO,39169,196.55,-41.62,1702011599,,,,,,,,,
2023-12-08 10:29:59.746998,tf,NFO,39169,197.30,-41.39,1702011599,14542545,198.15,90,45,197.75,272.92,,196.35,
2023-12-08 10:30:00.724172,tf,NFO,39169,195.80,-41.84,1702011600,,,,,,,,,
2023-12-08 10:30:00.951509,tf,NFO,39169,197.45,-41.35,1702011600,14566335,197.90,,195,197.55,272.79,,194.60,
2023-12-08 10:30:01.524776,tf,NFO,39169,197.30,-41.39,1702011601,,,,,,,,,
2023-12-08 10:30:02.149550,tf,NFO,39169,196.80,-41.54,1702011602,14579250,196.65,150,45,196.20,272.72,,,
2023-12-08 10:30:02.525548,tf,NFO,39169,194.25,-42.30,1702011602,,,,,,,,,
2023-12-08 10:30:03.153925,tf,NFO,39169,195.20,-42.02,1702011603,14600820,195.75,15,165,195.35,272.61,,192.45,
2023-12-08 10:30:03.525782,tf,NFO,39169,196.85,-41.53,1702011603,,,,,,,,,
2023-12-08 10:30:04.352461,tf,NFO,39169,198.05,-41.17,1702011604,14612070,198.90,,120,198.50,272.55,,,
2023-12-08 10:30:04.725476,tf,NFO,39169,199.40,-40.77,1702011604,,,,,,,,,
2023-12-08 10:30:04.751848,tf,NFO,39169,199.05,-40.87,1702011604,14616480,199.45,105,150,199.05,272.53,,,
2023-12-08 10:30:05.754182,tf,NFO,39169,199.25,-40.81,1702011605,14632980,199.25,,15,198.90,272.45,,,
2023-12-08 10:30:06.526211,tf,NFO,39169,200.55,-40.43,1702011606,,,,,,,,,
2023-12-08 10:30:06.754655,tf,NFO,39169,198.90,-40.92,1702011606,14656305,199.35,30,120,198.95,272.33,,,
2023-12-08 10:30:07.526580,tf,NFO,39169,201.10,-40.26,1702011607,,,,,,,,,
2023-12-08 10:30:07.957048,tf,NFO,39169,202.50,-39.85,1702011607,14665635,202.50,225,90,202.20,272.28,,,
2023-12-08 10:30:08.527343,tf,NFO,39169,202.10,-39.97,1702011608,,,,,,,,,
2023-12-08 10:30:08.759120,tf,NFO,39169,203.40,-39.58,1702011608,14669415,203.00,135,15,202.65,272.27,,,
2023-12-08 10:30:09.527394,tf,NFO,39169,201.05,-40.28,1702011609,,,,,,,,,
2023-12-08 10:30:09.760246,tf,NFO,39169,201.75,-40.07,1702011609,14674005,201.90,285,45,201.50,272.24,,,
2023-12-08 10:30:10.527653,tf,NFO,39169,201.40,-40.18,1702011610,,,,,,,,,
2023-12-08 10:30:10.761762,tf,NFO,39169,200.85,-40.34,1702011610,14677410,201.15,495,465,200.70,272.23,,,
2023-12-08 10:30:11.528154,tf,NFO,39169,197.65,-41.29,1702011611,,,,,,,,,
2023-12-08 10:30:11.763725,tf,NFO,39169,198.25,-41.11,1702011611,14682990,198.05,195,135,197.70,272.20,,,
2023-12-08 10:30:12.528493,tf,NFO,39169,195.15,-42.03,1702011612,,,,,,,,,
2023-12-08 10:30:12.764865,tf,NFO,39169,195.95,-41.79,1702011612,14688990,195.85,60,225,195.50,272.17,,,
2023-12-08 10:30:13.529682,tf,NFO,39169,193.95,-42.39,1702011613,,,,,,,,,
2023-12-08 10:30:13.765213,tf,NFO,39169,194.90,-42.11,1702011613,14699580,194.95,240,15,194.70,272.11,,,
2023-12-08 10:30:14.530022,tf,NFO,39169,194.65,-42.18,1702011614,,,,,,,,,
2023-12-08 10:30:14.766443,tf,NFO,39169,193.45,-42.54,1702011614,14714445,193.90,90,45,193.50,272.04,,,
2023-12-08 10:30:15.531295,tf,NFO,39169,193.80,-42.43,1702011615,,,,,,,,,
2023-12-08 10:30:15.773542,tf,NFO,39169,191.50,-43.12,1702011615,14720475,192.20,105,120,191.65,272.00,,191.20,
2023-12-08 10:30:16.532156,tf,NFO,39169,192.15,-42.92,1702011616,,,,,,,,,
2023-12-08 10:30:16.772664,tf,NFO,39169,193.20,-42.61,1702011616,14729400,193.25,120,30,193.00,271.95,,190.35,
2023-12-08 10:30:17.730781,tf,NFO,39169,192.70,-42.76,1702011617,,,,,,,,,
2023-12-08 10:30:17.771799,tf,NFO,39169,192.40,-42.85,1702011617,14737350,192.40,15,45,192.10,271.91,,,
2023-12-08 10:30:18.531582,tf,NFO,39169,191.15,-43.22,1702011618,,,,,,,,,
2023-12-08 10:30:18.773654,tf,NFO,39169,191.05,-43.25,1702011618,14746320,191.50,60,75,191.10,271.86,,,
2023-12-08 10:30:19.532395,tf,NFO,39169,190.05,-43.55,1702011619,,,,,,,,,
2023-12-08 10:30:19.774446,tf,NFO,39169,190.95,-43.28,1702011619,14763300,191.05,15,60,190.70,271.77,,188.85,
2023-12-08 10:30:20.532361,tf,NFO,39169,188.60,-43.98,1702011620,,,,,,,,,
2023-12-08 10:30:20.774837,tf,NFO,39169,188.70,-43.95,1702011620,14777985,189.05,165,75,188.70,271.69,,187.85,
2023-12-08 10:30:21.533154,tf,NFO,39169,192.45,-42.83,1702011621,,,,,,,,,
2023-12-08 10:30:21.776968,tf,NFO,39169,191.70,-43.06,1702011621,14786550,192.05,30,90,191.80,271.64,,,
2023-12-08 10:30:22.533546,tf,NFO,39169,190.45,-43.43,1702011622,,,,,,,,,
2023-12-08 10:30:22.779449,tf,NFO,39169,188.50,-44.01,1702011622,14795775,188.85,,30,188.50,271.59,,,
2023-12-08 10:30:23.534804,tf,NFO,39169,187.65,-44.26,1702011623,,,,,,,,,
2023-12-08 10:30:23.782876,tf,NFO,39169,188.05,-44.14,1702011623,14806095,188.15,,,187.85,271.53,,185.50,
2023-12-08 10:30:24.534708,tf,NFO,39169,190.50,-43.41,1702011624,,,,,,,,,
2023-12-08 10:30:24.980801,tf,NFO,39169,192.75,-42.74,1702011624,14811855,193.05,75,15,192.65,271.50,,,
2023-12-08 10:30:25.534243,tf,NFO,39169,192.55,-42.80,1702011625,,,,,,,,,
2023-12-08 10:30:25.787030,tf,NFO,39169,192.45,-42.83,1702011625,14818080,192.35,15,,191.95,271.47,,,
2023-12-08 10:30:26.535638,tf,NFO,39169,194.30,-42.28,1702011626,,,,,,,,,
2023-12-08 10:30:26.786236,tf,NFO,39169,196.55,-41.62,1702011626,14823240,196.45,345,,196.10,271.44,,,
2023-12-08 10:30:27.735251,tf,NFO,39169,195.80,-41.84,1702011627,,,,,,,,,
2023-12-08 10:30:27.787660,tf,NFO,39169,195.50,-41.93,1702011627,14829840,196.00,135,,195.70,271.41,,,
2023-12-08 10:30:28.536634,tf,NFO,39169,197.15,-41.44,1702011628,,,,,,,,,
2023-12-08 10:30:28.789407,tf,NFO,39169,196.85,-41.53,1702011628,14833920,196.80,60,,196.50,271.39,,,
2023-12-08 10:30:29.536725,tf,NFO,39169,195.90,-41.81,1702011629,,,,,,,,,
2023-12-08 10:30:29.788701,tf,NFO,39169,196.10,-41.75,1702011629,14836485,196.20,15,30,195.85,271.37,,,
2023-12-08 10:30:30.537547,tf,NFO,39169,196.30,-41.69,1702011630,,,,,,,,,
2023-12-08 10:30:30.788991,tf,NFO,39169,196.25,-41.71,1702011630,14839335,196.15,45,15,,271.36,,,
2023-12-08 10:30:31.538942,tf,NFO,39169,194.70,-42.17,1702011631,,,,,,,,,
2023-12-08 10:30:31.795334,tf,NFO,39169,194.35,-42.27,1702011631,14842080,194.05,15,30,193.70,271.34,,,
2023-12-08 10:30:32.539236,tf,NFO,39169,194.00,-42.37,1702011632,,,,,,,,,
2023-12-08 10:30:32.792812,tf,NFO,39169,194.25,-42.30,1702011632,14843490,194.25,375,45,194.00,,,,
2023-12-08 10:30:33.540587,tf,NFO,39169,195.30,-41.99,1702011633,,,,,,,,,
2023-12-08 10:30:33.794459,tf,NFO,39169,195.95,-41.79,1702011633,14848485,196.00,45,315,195.65,271.31,,,
2023-12-08 10:30:34.541246,tf,NFO,39169,195.05,-42.06,1702011634,,,,,,,,,
2023-12-08 10:30:34.794593,tf,NFO,39169,193.60,-42.49,1702011634,14850375,194.80,30,30,194.45,271.30,,,
2023-12-08 10:30:35.741354,tf,NFO,39169,193.40,-42.55,1702011635,,,,,,,,,
2023-12-08 10:30:35.797593,tf,NFO,39169,193.50,-42.52,1702011635,14859360,194.15,15,,193.80,271.25,,,
2023-12-08 10:30:36.542438,tf,NFO,39169,194.50,-42.22,1702011636,,,,,,,,,
2023-12-08 10:30:36.798908,tf,NFO,39169,194.85,-42.12,1702011636,14863095,194.85,60,90,194.70,271.24,,,
2023-12-08 10:30:37.543216,tf,NFO,39169,193.00,-42.67,1702011637,,,,,,,,,
2023-12-08 10:30:37.801062,tf,NFO,39169,193.90,-42.40,1702011637,14865690,194.25,30,30,193.90,271.22,,,
2023-12-08 10:30:38.549540,tf,NFO,39169,193.40,-42.55,1702011638,,,,,,,,,
2023-12-08 10:30:38.802943,tf,NFO,39169,193.60,-42.49,1702011638,14868165,194.20,225,,,271.21,,,
2023-12-08 10:30:39.544419,tf,NFO,39169,196.30,-41.69,1702011639,,,,,,,,,
2023-12-08 10:30:39.806755,tf,NFO,39169,195.95,-41.79,1702011639,14874675,195.95,390,315,195.50,271.18,,,
2023-12-08 10:30:40.545295,tf,NFO,39169,196.75,-41.56,1702011640,,,,,,,,,
2023-12-08 10:30:41.004242,tf,NFO,39169,197.15,-41.44,1702011640,14879265,197.25,15,15,196.80,271.15,,,
2023-12-08 10:30:41.545587,tf,NFO,39169,196.70,-41.57,1702011641,,,,,,,,,
2023-12-08 10:30:42.004887,tf,NFO,39169,198.25,-41.11,1702011642,14884725,198.15,45,120,197.75,271.13,,,
2023-12-08 10:30:42.546703,tf,NFO,39169,197.40,-41.36,1702011642,,,,,,,,,
2023-12-08 10:30:43.011513,tf,NFO,39169,197.30,-41.39,1702011643,14886900,197.80,30,60,197.45,271.11,,,
2023-12-08 10:30:43.547266,tf,NFO,39169,198.25,-41.11,1702011643,,,,,,,,,
2023-12-08 10:30:43.807940,tf,NFO,39169,196.65,-41.59,1702011643,14888820,196.85,45,30,196.45,,,,
2023-12-08 10:30:44.548294,tf,NFO,39169,193.70,-42.46,1702011644,,,,,,,,,
2023-12-08 10:30:44.809558,tf,NFO,39169,193.40,-42.55,1702011644,14893065,193.90,15,,193.60,271.08,,,
2023-12-08 10:30:45.548584,tf,NFO,39169,195.35,-41.97,1702011645,,,,,,,,,
2023-12-08 10:30:45.814483,tf,NFO,39169,194.95,-42.09,1702011645,14895270,194.95,45,15,194.60,271.07,,,
2023-12-08 10:30:46.549544,tf,NFO,39169,195.10,-42.05,1702011646,,,,,,,,,
2023-12-08 10:30:46.814044,tf,NFO,39169,193.90,-42.40,1702011646,14901975,194.45,60,30,194.00,271.04,,,
2023-12-08 10:30:47.549908,tf,NFO,39169,193.15,-42.63,1702011647,,,,,,,,,
2023-12-08 10:30:47.819431,tf,NFO,39169,194.70,-42.17,1702011647,14904885,194.70,15,15,194.45,271.02,,,
2023-12-08 10:30:48.550635,tf,NFO,39169,194.85,-42.12,1702011648,,,,,,,,,
2023-12-08 10:30:48.815029,tf,NFO,39169,194.95,-42.09,1702011648,14907405,195.00,30,30,194.60,271.01,,,
2023-12-08 10:30:49.551644,tf,NFO,39169,195.40,-41.96,1702011649,,,,,,,,,
2023-12-08 10:30:49.820653,tf,NFO,39169,194.20,-42.31,1702011649,14910765,194.20,,375,193.80,270.99,,,
2023-12-08 10:30:50.551299,tf,NFO,39169,193.60,-42.49,1702011650,,,,,,,,,
2023-12-08 10:30:51.020363,tf,NFO,39169,193.55,-42.51,1702011651,14913315,194.55,15,30,194.25,270.98,,,
2023-12-08 10:30:51.552442,tf,NFO,39169,194.90,-42.11,1702011651,,,,,,,,,
2023-12-08 10:30:52.220619,tf,NFO,39169,193.50,-42.52,1702011652,14917155,193.60,105,,193.25,270.96,,,
2023-12-08 10:30:52.553387,tf,NFO,39169,194.40,-42.25,1702011652,,,,,,,,,
2023-12-08 10:30:52.822307,tf,NFO,39169,195.20,-42.02,1702011652,14918415,195.10,30,,194.75,270.95,,,
2023-12-08 10:30:53.553580,tf,NFO,39169,194.10,-42.34,1702011653,,,,,,,,,
2023-12-08 10:30:53.826319,tf,NFO,39169,193.50,-42.52,1702011653,14922390,193.95,,75,193.55,270.93,,,
2023-12-08 10:30:54.554362,tf,NFO,39169,193.60,-42.49,1702011654,,,,,,,,,
2023-12-08 10:30:55.027061,tf,NFO,39169,193.00,-42.67,1702011655,14926275,193.15,180,30,192.75,270.91,,,
2023-12-08 10:30:55.554979,tf,NFO,39169,193.60,-42.49,1702011655,,,,,,,,,
2023-12-08 10:30:55.828255,tf,NFO,39169,195.15,-42.03,1702011655,14930940,195.25,45,15,194.95,270.89,,,
2023-12-08 10:30:56.555057,tf,NFO,39169,195.05,-42.06,1702011656,,,,,,,,,
2023-12-08 10:30:56.830666,tf,NFO,39169,195.15,-42.03,1702011656,14936490,195.15,15,45,194.80,270.86,,,
2023-12-08 10:30:57.556478,tf,NFO,39169,194.60,-42.20,1702011657,,,,,,,,,
2023-12-08 10:30:57.831181,tf,NFO,39169,195.55,-41.91,1702011657,14937135,196.00,,,195.65,,,,
2023-12-08 10:30:58.557026,tf,NFO,39169,196.20,-41.72,1702011658,,,,,,,,,
2023-12-08 10:30:58.831727,tf,NFO,39169,196.10,-41.75,1702011658,14940225,195.90,90,60,195.45,270.84,,,
2023-12-08 10:30:59.557053,tf,NFO,39169,194.80,-42.14,1702011659,,,,,,,,,
2023-12-08 10:30:59.831919,tf,NFO,39169,194.70,-42.17,1702011659,14942130,195.00,285,90,194.65,270.83,,,
2023-12-08 10:31:00.560247,tf,NFO,39169,194.55,-42.21,1702011660,,,,,,,,,
2023-12-08 10:31:00.832572,tf,NFO,39169,194.60,-42.20,1702011660,14945685,194.50,195,75,194.20,270.81,,,
2023-12-08 10:31:01.756517,tf,NFO,39169,195.05,-42.06,1702011661,,,,,,,,,
2023-12-08 10:31:01.838976,tf,NFO,39169,195.75,-41.85,1702011661,14949420,196.00,15,15,195.65,270.79,,,
2023-12-08 10:31:02.558019,tf,NFO,39169,196.10,-41.75,1702011662,,,,,,,,,
2023-12-08 10:31:03.041422,tf,NFO,39169,198.55,-41.02,1702011663,14955525,198.90,,30,198.55,270.76,,,
2023-12-08 10:31:03.558505,tf,NFO,39169,198.45,-41.05,1702011663,,,,,,,,,
2023-12-08 10:31:04.042521,tf,NFO,39169,198.75,-40.96,1702011664,14957640,198.35,30,120,197.95,270.75,,,
2023-12-08 10:31:04.558626,tf,NFO,39169,199.40,-40.77,1702011664,,,,,,,,,
2023-12-08 10:31:05.042967,tf,NFO,39169,199.35,-40.78,1702011665,14966865,199.50,15,330,199.10,270.71,,,
2023-12-08 10:31:05.558776,tf,NFO,39169,198.95,-40.90,1702011665,,,,,,,,,
2023-12-08 10:31:06.244122,tf,NFO,39169,199.25,-40.81,1702011666,14971260,199.25,30,75,198.85,270.69,,,
2023-12-08 10:31:06.561128,tf,NFO,39169,199.00,-40.89,1702011666,,,,,,,,,
2023-12-08 10:31:07.560417,tf,NFO,39169,195.75,-41.85,1702011667,,,,,,,,,
2023-12-08 10:31:07.846771,tf,NFO,39169,196.00,-41.78,1702011667,14978895,195.85,30,,195.55,270.65,,,
2023-12-08 10:31:08.561798,tf,NFO,39169,196.40,-41.66,1702011668,,,,,,,,,
2023-12-08 10:31:08.851957,tf,NFO,39169,196.20,-41.72,1702011668,14985210,196.55,75,15,196.15,270.62,,,
2023-12-08 10:31:09.562953,tf,NFO,39169,197.25,-41.41,1702011669,,,,,,,,,
2023-12-08 10:31:09.851286,tf,NFO,39169,198.20,-41.13,1702011669,14987235,198.35,30,105,198.00,270.61,,,
2023-12-08 10:31:10.562973,tf,NFO,39169,198.35,-41.08,1702011670,,,,,,,,,
2023-12-08 10:31:10.852313,tf,NFO,39169,198.75,-40.96,1702011670,14988420,198.75,,195,198.35,,,,
2023-12-08 10:31:11.564826,tf,NFO,39169,197.90,-41.21,1702011671,,,,,,,,,
2023-12-08 10:31:11.849412,tf,NFO,39169,198.10,-41.16,1702011671,14991375,198.00,255,375,197.60,270.59,,,
2023-12-08 10:31:12.566057,tf,NFO,39169,196.95,-41.50,1702011672,,,,,,,,,
2023-12-08 10:31:12.854706,tf,NFO,39169,197.10,-41.45,1702011672,14992575,197.70,15,195,197.30,,,,
2023-12-08 10:31:13.566351,tf,NFO,39169,197.25,-41.41,1702011673,,,,,,,,,
2023-12-08 10:31:14.055364,tf,NFO,39169,196.85,-41.53,1702011674,14995695,196.90,60,585,196.55,270.57,,,
2023-12-08 10:31:14.567238,tf,NFO,39169,195.20,-42.02,1702011674,,,,,,,,,
2023-12-08 10:31:15.256411,tf,NFO,39169,196.90,-41.51,1702011675,15001635,196.65,105,15,196.50,270.54,,,
2023-12-08 10:31:15.567871,tf,NFO,39169,197.10,-41.45,1702011675,,,,,,,,,
2023-12-08 10:31:15.856004,tf,NFO,39169,196.70,-41.57,1702011675,15002505,196.85,30,180,196.55,,,,
2023-12-08 10:31:16.569341,tf,NFO,39169,196.65,-41.59,1702011676,,,,,,,,,
2023-12-08 10:31:17.057016,tf,NFO,39169,197.05,-41.47,1702011677,15004620,197.20,15,15,197.00,270.53,,,
2023-12-08 10:31:17.569605,tf,NFO,39169,197.50,-41.33,1702011677,,,,,,,,,
2023-12-08 10:31:17.859874,tf,NFO,39169,197.20,-41.42,1702011677,15005310,,45,855,196.80,270.52,,,
2023-12-08 10:31:18.769948,tf,NFO,39169,195.60,-41.90,1702011678,,,,,,,,,
2023-12-08 10:31:18.863886,tf,NFO,39169,195.65,-41.88,1702011678,15008505,195.35,90,30,195.05,270.51,,,
2023-12-08 10:31:19.570736,tf,NFO,39169,194.90,-42.11,1702011679,,,,,,,,,
2023-12-08 10:31:19.866175,tf,NFO,39169,195.35,-41.97,1702011679,15014640,195.15,120,255,194.75,270.48,,,
2023-12-08 10:31:20.571272,tf,NFO,39169,195.00,-42.08,1702011680,,,,,,,,,
2023-12-08 10:31:21.574730,tf,NFO,39169,194.80,-42.14,1702011681,,,,,,,,,
2023-12-08 10:31:21.867886,tf,NFO,39169,194.50,-42.22,1702011681,15016260,194.70,120,120,194.35,,,,
2023-12-08 10:31:22.572877,tf,NFO,39169,194.05,-42.36,1702011682,,,,,,,,,
2023-12-08 10:31:22.865784,tf,NFO,39169,194.40,-42.25,1702011682,15021585,194.35,225,15,194.05,270.44,,,
2023-12-08 10:31:23.573688,tf,NFO,39169,193.60,-42.49,1702011683,,,,,,,,,
2023-12-08 10:31:23.871206,tf,NFO,39169,194.40,-42.25,1702011683,15027180,194.50,45,450,194.15,270.41,,,
2023-12-08 10:31:24.574378,tf,NFO,39169,194.45,-42.24,1702011684,,,,,,,,,
2023-12-08 10:31:25.269374,tf,NFO,39169,194.50,-42.22,1702011685,15028065,194.45,30,30,,,,,
2023-12-08 10:31:25.575784,tf,NFO,39169,193.00,-42.67,1702011685,,,,,,,,,
2023-12-08 10:31:26.075555,tf,NFO,39169,192.80,-42.73,1702011686,15029040,192.45,45,15,192.40,270.40,,,
2023-12-08 10:31:26.575756,tf,NFO,39169,192.15,-42.92,1702011686,,,,,,,,,
2023-12-08 10:31:26.873174,tf,NFO,39169,191.90,-43.00,1702011686,15032175,191.85,15,30,191.50,270.39,,,
2023-12-08 10:31:27.576752,tf,NFO,39169,192.45,-42.83,1702011687,,,,,,,,,
2023-12-08 10:31:27.873383,tf,NFO,39169,191.05,-43.25,1702011687,15038130,191.20,75,180,191.05,270.35,,,
2023-12-08 10:31:28.578107,tf,NFO,39169,193.30,-42.58,1702011688,,,,,,,,,
2023-12-08 10:31:29.075602,tf,NFO,39169,193.60,-42.49,1702011689,15048930,194.05,480,375,193.65,270.30,,,
2023-12-08 10:31:29.578507,tf,NFO,39169,194.40,-42.25,1702011689,,,,,,,,,
2023-12-08 10:31:29.877716,tf,NFO,39169,194.20,-42.31,1702011689,15050160,194.10,15,105,193.80,270.29,,,
2023-12-08 10:31:30.578667,tf,NFO,39169,194.75,-42.15,1702011690,,,,,,,,,
2023-12-08 10:31:30.879466,tf,NFO,39169,195.00,-42.08,1702011690,15052620,195.15,360,60,194.95,270.28,,,
2023-12-08 10:31:31.584935,tf,NFO,39169,194.05,-42.36,1702011691,,,,,,,,,
2023-12-08 10:31:31.885298,tf,NFO,39169,195.00,-42.08,1702011691,15066465,195.45,15,165,195.05,270.21,,,
2023-12-08 10:31:32.580440,tf,NFO,39169,193.50,-42.52,1702011692,,,,,,,,,
2023-12-08 10:31:32.881548,tf,NFO,39169,193.35,-42.57,1702011692,15067845,193.65,195,15,193.30,270.20,,,
2023-12-08 10:31:33.580795,tf,NFO,39169,193.45,-42.54,1702011693,,,,,,,,,
2023-12-08 10:31:33.882734,tf,NFO,39169,194.55,-42.21,1702011693,15070815,194.65,570,75,194.55,270.19,,,
2023-12-08 10:31:34.581221,tf,NFO,39169,194.75,-42.15,1702011694,,,,,,,,,
2023-12-08 10:31:34.884524,tf,NFO,39169,194.25,-42.30,1702011694,15073020,194.25,15,330,193.85,270.18,,,
2023-12-08 10:31:35.581840,tf,NFO,39169,194.55,-42.21,1702011695,,,,,,,,,
2023-12-08 10:31:36.581674,tf,NFO,39169,193.30,-42.58,1702011696,,,,,,,,,
2023-12-08 10:31:36.892804,tf,NFO,39169,193.90,-42.40,1702011696,15074925,193.80,525,,193.40,,,,
2023-12-08 10:31:38.095144,tf,NFO,39169,193.00,-42.67,1702011698,15075840,193.10,195,45,192.80,270.16,,,
2023-12-08 10:31:38.582667,tf,NFO,39169,192.15,-42.92,1702011698,,,,,,,,,
2023-12-08 10:31:39.294453,tf,NFO,39169,191.80,-43.03,1702011699,15076965,191.70,255,285,191.30,,,,
2023-12-08 10:31:40.297420,tf,NFO,39169,192.45,-42.83,1702011700,15077505,192.25,45,30,192.00,270.15,,,
2023-12-08 10:31:40.583750,tf,NFO,39169,191.85,-43.01,1702011700,,,,,,,,,
2023-12-08 10:31:41.300612,tf,NFO,39169,192.25,-42.89,1702011701,15080535,191.85,135,,191.45,270.14,,,
2023-12-08 10:31:41.584617,tf,NFO,39169,192.40,-42.85,1702011701,,,,,,,,,
2023-12-08 10:31:42.302232,tf,NFO,39169,193.70,-42.46,1702011702,15083745,193.70,30,750,193.35,270.12,,,
2023-12-08 10:31:42.585340,tf,NFO,39169,193.35,-42.57,1702011702,,,,,,,,,
2023-12-08 10:31:43.498849,tf,NFO,39169,192.10,-42.94,1702011703,15087240,192.25,,30,191.95,270.10,,,
2023-12-08 10:31:43.898831,tf,NFO,39169,191.95,-42.98,1702011703,15087360,192.10,,,191.75,,,,
2023-12-08 10:31:44.585576,tf,NFO,39169,192.40,-42.85,1702011704,,,,,,,,,
2023-12-08 10:31:44.901842,tf,NFO,39169,192.95,-42.69,1702011704,15087990,193.05,60,15,192.70,,,,
2023-12-08 10:31:45.585684,tf,NFO,39169,193.35,-42.57,1702011705,,,,,,,,,
2023-12-08 10:31:45.903447,tf,NFO,39169,193.05,-42.66,1702011705,15088905,193.55,225,30,193.20,,,,
2023-12-08 10:31:46.586147,tf,NFO,39169,194.05,-42.36,1702011706,,,,,,,,,
2023-12-08 10:31:46.904987,tf,NFO,39169,193.90,-42.40,1702011706,15089250,194.45,15,195,194.05,270.09,,,
2023-12-08 10:31:47.587219,tf,NFO,39169,194.35,-42.27,1702011707,,,,,,,,,
2023-12-08 10:31:47.907115,tf,NFO,39169,194.40,-42.25,1702011707,15097230,194.40,60,330,194.00,270.05,,,
2023-12-08 10:31:48.587795,tf,NFO,39169,194.55,-42.21,1702011708,,,,,,,,,
2023-12-08 10:31:48.907471,tf,NFO,39169,194.00,-42.37,1702011708,15098940,194.10,75,435,193.65,,,,
2023-12-08 10:31:49.787614,tf,NFO,39169,192.45,-42.83,1702011709,,,,,,,,,
2023-12-08 10:31:49.909485,tf,NFO,39169,194.00,-42.37,1702011709,15102810,194.00,30,465,193.60,270.03,,,
2023-12-08 10:31:50.589066,tf,NFO,39169,194.40,-42.25,1702011710,,,,,,,,,
2023-12-08 10:31:50.911851,tf,NFO,39169,194.25,-42.30,1702011710,15104520,194.55,285,30,194.20,270.02,,,
2023-12-08 10:31:51.589509,tf,NFO,39169,194.35,-42.27,1702011711,,,,,,,,,
2023-12-08 10:31:51.918085,tf,NFO,39169,194.70,-42.17,1702011711,15106545,195.00,60,795,194.60,270.01,,,
2023-12-08 10:31:52.590319,tf,NFO,39169,194.45,-42.24,1702011712,,,,,,,,,
2023-12-08 10:31:53.117508,tf,NFO,39169,194.80,-42.14,1702011713,15108780,194.80,30,120,194.45,270.00,,,
2023-12-08 10:31:53.591083,tf,NFO,39169,194.70,-42.17,1702011713,,,,,,,,,
2023-12-08 10:31:54.318930,tf,NFO,39169,195.90,-41.81,1702011714,15110235,195.60,45,240,195.25,269.99,,,
2023-12-08 10:31:54.592404,tf,NFO,39169,196.25,-41.71,1702011714,,,,,,,,,
2023-12-08 10:31:54.920512,tf,NFO,39169,196.85,-41.53,1702011714,15111330,197.15,,75,196.75,269.98,,,
2023-12-08 10:31:55.593158,tf,NFO,39169,197.15,-41.44,1702011715,,,,,,,,,
2023-12-08 10:31:55.919934,tf,NFO,39169,196.80,-41.54,1702011715,15111945,,285,45,196.80,,,,
2023-12-08 10:31:56.594293,tf,NFO,39169,196.70,-41.57,1702011716,,,,,,,,,
2023-12-08 10:31:56.924608,tf,NFO,39169,196.75,-41.56,1702011716,15113310,196.70,30,,196.35,269.97,,,
2023-12-08 10:31:57.595069,tf,NFO,39169,196.00,-41.78,1702011717,,,,,,,,,
2023-12-08 10:31:58.123768,tf,NFO,39169,195.35,-41.97,1702011718,15116775,195.25,240,75,194.90,269.96,,,
2023-12-08 10:31:58.595764,tf,NFO,39169,193.65,-42.48,1702011718,,,,,,,,,
2023-12-08 10:31:59.130200,tf,NFO,39169,193.45,-42.54,1702011719,15119340,193.50,360,135,193.05,269.94,,,
2023-12-08 10:31:59.596795,tf,NFO,39169,193.70,-42.46,1702011719,,,,,,,,,
2023-12-08 10:32:00.329580,tf,NFO,39169,195.40,-41.96,1702011720,15122250,195.75,30,30,195.40,269.93,,,
2023-12-08 10:32:00.930573,tf,NFO,39169,195.50,-41.93,1702011720,15122520,195.50,75,195,195.20,,,,
2023-12-08 10:32:01.598043,tf,NFO,39169,195.60,-41.90,1702011721,,,,,,,,,
2023-12-08 10:32:02.129197,tf,NFO,39169,195.05,-42.06,1702011722,15124665,,150,15,195.25,269.92,,,
2023-12-08 10:32:02.598469,tf,NFO,39169,195.40,-41.96,1702011722,,,,,,,,,
2023-12-08 10:32:03.331327,tf,NFO,39169,196.80,-41.54,1702011723,15127230,196.40,45,45,196.10,269.91,,,
2023-12-08 10:32:05.948439,tf,NFO,39169,195.55,-41.91,1702011725,15132990,195.85,15,,195.55,,,,
2023-12-08 10:32:06.602903,tf,NFO,39169,195.40,-41.96,1702011726,,,,,,,,,
2023-12-08 10:32:06.936001,tf,NFO,39169,194.55,-42.21,1702011726,15134370,194.55,255,30,194.20,269.87,,,
2023-12-08 10:32:07.603352,tf,NFO,39169,194.35,-42.27,1702011727,,,,,,,,,
2023-12-08 10:32:07.938371,tf,NFO,39169,194.65,-42.18,1702011727,15135165,194.70,30,15,194.50,,,,
2023-12-08 10:32:08.803272,tf,NFO,39169,195.10,-42.05,1702011728,,,,,,,,,
2023-12-08 10:32:08.943172,tf,NFO,39169,194.85,-42.12,1702011728,15136605,,15,30,194.35,269.86,,,
2023-12-08 10:32:09.603902,tf,NFO,39169,194.20,-42.31,1702011729,,,,,,,,,
2023-12-08 10:32:10.142798,tf,NFO,39169,193.90,-42.40,1702011730,15137565,193.75,45,,193.50,269.85,,,
2023-12-08 10:32:10.604575,tf,NFO,39169,194.55,-42.21,1702011730,,,,,,,,,
2023-12-08 10:32:11.340975,tf,NFO,39169,193.80,-42.43,1702011731,15139875,193.90,30,15,193.70,269.84,,,
2023-12-08 10:32:11.605369,tf,NFO,39169,194.00,-42.37,1702011731,,,,,,,,,
2023-12-08 10:32:12.345906,tf,NFO,39169,193.55,-42.51,1702011732,15141450,193.80,15,,193.55,,,,
2023-12-08 10:32:12.606091,tf,NFO,39169,194.85,-42.12,1702011732,,,,,,,,,
2023-12-08 10:32:13.347871,tf,NFO,39169,194.70,-42.17,1702011733,15142860,194.75,60,,194.55,269.83,,,
2023-12-08 10:32:13.606557,tf,NFO,39169,195.35,-41.97,1702011733,,,,,,,,,
2023-12-08 10:32:14.545625,tf,NFO,39169,195.70,-41.87,1702011734,15144705,195.50,45,75,195.10,269.82,,,
2023-12-08 10:32:14.606844,tf,NFO,39169,195.00,-42.08,1702011734,,,,,,,,,
2023-12-08 10:32:14.946067,tf,NFO,39169,195.35,-41.97,1702011734,15144810,195.40,360,90,195.05,,,,
2023-12-08 10:32:15.607395,tf,NFO,39169,195.40,-41.96,1702011735,,,,,,,,,
2023-12-08 10:32:15.952182,tf,NFO,39169,195.10,-42.05,1702011735,15146355,195.15,45,15,194.80,269.81,,,
2023-12-08 10:32:16.607742,tf,NFO,39169,195.15,-42.03,1702011736,,,,,,,,,
2023-12-08 10:32:16.949530,tf,NFO,39169,195.20,-42.02,1702011736,15148170,195.10,30,,,269.80,,,
2023-12-08 10:32:17.608012,tf,NFO,39169,195.40,-41.96,1702011737,,,,,,,,,
2023-12-08 10:32:17.950152,tf,NFO,39169,195.60,-41.90,1702011737,15150600,195.50,15,690,195.15,269.79,,,
2023-12-08 10:32:18.609439,tf,NFO,39169,194.70,-42.17,1702011738,,,,,,,,,
2023-12-08 10:32:18.951502,tf,NFO,39169,194.95,-42.09,1702011738,15151455,194.60,,150,194.35,,,,
2023-12-08 10:32:19.610362,tf,NFO,39169,194.00,-42.37,1702011739,,,,,,,,,
2023-12-08 10:32:19.954026,tf,NFO,39169,194.15,-42.33,1702011739,15152970,194.35,150,15,193.95,269.78,,,
2023-12-08 10:32:20.610497,tf,NFO,39169,193.55,-42.51,1702011740,,,,,,,,,
2023-12-08 10:32:20.955429,tf,NFO,39169,193.85,-42.42,1702011740,15153390,193.90,255,30,193.55,,,,
2023-12-08 10:32:21.611255,tf,NFO,39169,193.75,-42.45,1702011741,,,,,,,,,
2023-12-08 10:32:21.960003,tf,NFO,39169,193.70,-42.46,1702011741,15155070,193.45,180,15,193.40,269.77,,,
2023-12-08 10:32:22.611505,tf,NFO,39169,193.40,-42.55,1702011742,,,,,,,,,
2023-12-08 10:32:23.159315,tf,NFO,39169,192.00,-42.97,1702011743,15157365,192.00,15,,191.85,269.76,,,
2023-12-08 10:32:23.611306,tf,NFO,39169,191.85,-43.01,1702011743,,,,,,,,,
2023-12-08 10:32:24.359996,tf,NFO,39169,193.05,-42.66,1702011744,15158580,193.15,30,,192.80,269.75,,,
2023-12-08 10:32:24.611927,tf,NFO,39169,192.90,-42.70,1702011744,,,,,,,,,
2023-12-08 10:32:24.960579,tf,NFO,39169,192.80,-42.73,1702011744,15159165,192.95,195,,192.65,,,,
2023-12-08 10:32:25.612943,tf,NFO,39169,192.20,-42.91,1702011745,,,,,,,,,
2023-12-08 10:32:25.962888,tf,NFO,39169,192.15,-42.92,1702011745,15160440,192.10,15,30,191.80,269.74,,,
2023-12-08 10:32:26.612873,tf,NFO,39169,192.60,-42.79,1702011746,,,,,,,,,
2023-12-08 10:32:26.968778,tf,NFO,39169,192.40,-42.85,1702011746,15161835,192.35,105,165,191.95,269.73,,,
2023-12-08 10:32:27.613130,tf,NFO,39169,192.05,-42.95,1702011747,,,,,,,,,
2023-12-08 10:32:28.169184,tf,NFO,39169,192.80,-42.73,1702011748,15163890,192.65,15,150,192.30,269.72,,,
2023-12-08 10:32:28.613956,tf,NFO,39169,192.75,-42.74,1702011748,,,,,,,,,
2023-12-08 10:32:28.969972,tf,NFO,39169,191.65,-43.07,1702011748,15164400,192.10,45,135,191.75,,,,
2023-12-08 10:32:29.613675,tf,NFO,39169,192.20,-42.91,1702011749,,,,,,,,,
2023-12-08 10:32:30.172045,tf,NFO,39169,192.90,-42.70,1702011750,15166185,192.95,,15,192.65,269.71,,,
2023-12-08 10:32:30.613947,tf,NFO,39169,192.50,-42.82,1702011750,,,,,,,,,
2023-12-08 10:32:31.172816,tf,NFO,39169,193.20,-42.61,1702011751,15173235,193.45,30,,193.25,269.67,,,
2023-12-08 10:32:31.614609,tf,NFO,39169,194.50,-42.22,1702011751,,,,,,,,,
2023-12-08 10:32:32.173442,tf,NFO,39169,194.60,-42.20,1702011752,15174300,194.60,135,150,194.25,,,,
2023-12-08 10:32:32.614862,tf,NFO,39169,194.35,-42.27,1702011752,,,,,,,1830135,,
2023-12-08 10:32:33.375089,tf,NFO,39169,193.75,-42.45,1702011753,15176580,193.75,45,45,193.45,269.66,,,
2023-12-08 10:32:33.616075,tf,NFO,39169,193.65,-42.48,1702011753,,,,,,,,,
2023-12-08 10:32:34.378500,tf,NFO,39169,193.45,-42.54,1702011754,15179895,193.80,30,60,193.55,269.64,,,
2023-12-08 10:32:34.616268,tf,NFO,39169,193.80,-42.43,1702011754,,,,,,,,,
2023-12-08 10:32:35.381205,tf,NFO,39169,194.10,-42.34,1702011755,15182310,194.10,45,30,193.95,269.63,,,
2023-12-08 10:32:35.616783,tf,NFO,39169,194.15,-42.33,1702011755,,,,,,,,,
2023-12-08 10:32:36.617217,tf,NFO,39169,194.00,-42.37,1702011756,,,,,,,,,
2023-12-08 10:32:37.179252,tf,NFO,39169,194.25,-42.30,1702011757,15184200,194.40,30,135,194.05,269.62,,,
2023-12-08 10:32:37.618310,tf,NFO,39169,194.45,-42.24,1702011757,,,,,,,,,
2023-12-08 10:32:38.180452,tf,NFO,39169,194.75,-42.15,1702011758,15187770,195.00,105,45,194.70,269.60,,,
2023-12-08 10:32:38.619103,tf,NFO,39169,194.55,-42.21,1702011758,,,,,,,,,
2023-12-08 10:32:39.183164,tf,NFO,39169,194.80,-42.14,1702011759,15189825,194.70,435,60,194.25,269.59,,,
2023-12-08 10:32:39.620024,tf,NFO,39169,194.70,-42.17,1702011759,,,,,,,,,
2023-12-08 10:32:40.385586,tf,NFO,39169,195.10,-42.05,1702011760,15192420,195.50,60,,195.15,269.58,,,
2023-12-08 10:32:40.620999,tf,NFO,39169,195.20,-42.02,1702011760,,,,,,,,,
2023-12-08 10:32:41.385644,tf,NFO,39169,194.80,-42.14,1702011761,15195855,195.20,45,15,194.85,269.56,,,
2023-12-08 10:32:42.389162,tf,NFO,39169,195.30,-41.99,1702011762,15200115,195.10,30,,194.95,269.54,,,
2023-12-08 10:32:42.622253,tf,NFO,39169,195.20,-42.02,1702011762,,,,,,,,,
2023-12-08 10:32:43.586830,tf,NFO,39169,194.80,-42.14,1702011763,15203700,195.20,60,180,194.90,269.52,,,
2023-12-08 10:32:43.988509,tf,NFO,39169,196.60,-41.60,1702011763,15205470,196.50,15,30,196.20,,,,
2023-12-08 10:32:44.625100,tf,NFO,39169,197.90,-41.21,1702011764,,,,,,,,,
2023-12-08 10:32:44.989823,tf,NFO,39169,197.85,-41.23,1702011764,15206985,197.75,60,15,197.40,269.51,,,
2023-12-08 10:32:45.627014,tf,NFO,39169,197.65,-41.29,1702011765,,,,,,,,,
2023-12-08 10:32:45.992481,tf,NFO,39169,198.00,-41.19,1702011765,15220800,198.00,345,165,197.75,269.44,,,
2023-12-08 10:32:46.626837,tf,NFO,39169,198.65,-40.99,1702011766,,,,,,,,,
2023-12-08 10:32:46.992932,tf,NFO,39169,198.95,-40.90,1702011766,15225015,199.15,315,15,198.90,269.42,,,
2023-12-08 10:32:47.627861,tf,NFO,39169,198.60,-41.01,1702011767,,,,,,,,,
2023-12-08 10:32:48.194267,tf,NFO,39169,199.10,-40.86,1702011768,15231615,199.30,45,285,199.00,269.39,,,
2023-12-08 10:32:48.628525,tf,NFO,39169,198.45,-41.05,1702011768,,,,,,,,,
2023-12-08 10:32:49.194825,tf,NFO,39169,197.85,-41.23,1702011769,15233640,198.00,15,15,197.60,269.38,,,
2023-12-08 10:32:49.629767,tf,NFO,39169,197.65,-41.29,1702011769,,,,,,,,,
2023-12-08 10:32:50.199482,tf,NFO,39169,198.55,-41.02,1702011770,15236040,198.80,210,,198.60,269.37,,,
2023-12-08 10:32:50.630521,tf,NFO,39169,199.30,-40.80,1702011770,,,,,,,,,
2023-12-08 10:32:51.200925,tf,NFO,39169,198.55,-41.02,1702011771,15239130,198.60,30,30,198.30,269.36,,,
2023-12-08 10:32:51.631053,tf,NFO,39169,198.30,-41.10,1702011771,,,,,,,,,
2023-12-08 10:32:52.398890,tf,NFO,39169,196.60,-41.60,1702011772,15244620,196.60,75,,196.30,269.33,,,
2023-12-08 10:32:52.632072,tf,NFO,39169,196.75,-41.56,1702011772,,,,,,,,,
2023-12-08 10:32:53.401120,tf,NFO,39169,196.95,-41.50,1702011773,15247725,196.45,45,180,196.15,269.32,,,
2023-12-08 10:32:53.832074,tf,NFO,39169,196.40,-41.66,1702011773,,,,,,,,,
2023-12-08 10:32:54.402810,tf,NFO,39169,196.25,-41.71,1702011774,15248805,196.35,135,300,196.00,269.31,,,
2023-12-08 10:32:54.632843,tf,NFO,39169,197.25,-41.41,1702011774,,,,,,,,,
2023-12-08 10:32:55.405211,tf,NFO,39169,197.15,-41.44,1702011775,15250590,197.40,30,900,197.00,269.30,,,
2023-12-08 10:32:55.634015,tf,NFO,39169,196.30,-41.69,1702011775,,,,,,,,,
2023-12-08 10:32:56.406941,tf,NFO,39169,196.20,-41.72,1702011776,15251100,196.35,15,90,196.05,,,,
2023-12-08 10:32:56.634553,tf,NFO,39169,195.40,-41.96,1702011776,,,,,,,,,
2023-12-08 10:32:57.407076,tf,NFO,39169,195.10,-42.05,1702011777,15255015,195.25,,15,194.95,269.28,,,
2023-12-08 10:32:57.634887,tf,NFO,39169,195.20,-42.02,1702011777,,,,,,,,,
2023-12-08 10:32:58.012215,tf,NFO,39169,195.90,-41.81,1702011778,15258645,196.00,45,150,195.70,269.27,,,
2023-12-08 10:32:58.635764,tf,NFO,39169,194.75,-42.15,1702011778,,,,,,,,,
2023-12-08 10:32:59.012092,tf,NFO,39169,194.80,-42.14,1702011779,15259425,194.90,15,465,194.60,269.26,,,
2023-12-08 10:32:59.636949,tf,NFO,39169,193.05,-42.66,1702011779,,,,,,,,,
2023-12-08 10:33:00.017246,tf,NFO,39169,193.50,-42.52,1702011780,15261720,193.65,,60,193.55,269.25,,,
2023-12-08 10:33:00.637918,tf,NFO,39169,193.75,-42.45,1702011780,,,,,,,,,
2023-12-08 10:33:01.217783,tf,NFO,39169,194.50,-42.22,1702011781,15263880,194.50,30,195,194.30,269.24,,,
2023-12-08 10:33:01.638420,tf,NFO,39169,195.10,-42.05,1702011781,,,,,,,,,
2023-12-08 10:33:02.218890,tf,NFO,39169,194.85,-42.12,1702011782,15264210,194.85,60,45,194.60,,,,
2023-12-08 10:33:02.639005,tf,NFO,39169,196.00,-41.78,1702011782,,,,,,,,,
2023-12-08 10:33:03.418884,tf,NFO,39169,195.80,-41.84,1702011783,15265170,195.70,225,15,195.50,269.23,,,
2023-12-08 10:33:03.639768,tf,NFO,39169,195.20,-42.02,1702011783,,,,,,,,,
2023-12-08 10:33:04.217125,tf,NFO,39169,194.20,-42.31,1702011784,15265770,194.45,15,45,194.10,,,,
2023-12-08 10:33:04.640975,tf,NFO,39169,195.60,-41.90,1702011784,,,,,,,,,
2023-12-08 10:33:05.219969,tf,NFO,39169,196.10,-41.75,1702011785,15267210,196.10,60,255,195.70,269.22,,,
2023-12-08 10:33:05.653680,tf,NFO,39169,196.05,-41.76,1702011785,,,,,,,,,
2023-12-08 10:33:06.223849,tf,NFO,39169,196.10,-41.75,1702011786,15268305,196.15,,15,195.90,,,,
2023-12-08 10:33:06.641983,tf,NFO,39169,195.50,-41.93,1702011786,,,,,,,,,
2023-12-08 10:33:07.226886,tf,NFO,39169,195.85,-41.82,1702011787,15268500,195.65,435,45,195.40,,,,
2023-12-08 10:33:07.643385,tf,NFO,39169,195.55,-41.91,1702011787,,,,,,,,,
2023-12-08 10:33:08.425149,tf,NFO,39169,194.50,-42.22,1702011788,15269145,194.55,15,75,194.30,269.21,,,
2023-12-08 10:33:08.843254,tf,NFO,39169,194.40,-42.25,1702011788,,,,,,,,,
2023-12-08 10:33:10.026267,tf,NFO,39169,195.10,-42.05,1702011790,15273390,195.40,210,105,195.10,269.19,,,
2023-12-08 10:33:10.644635,tf,NFO,39169,195.45,-41.94,1702011790,,,,,,,,,
2023-12-08 10:33:11.030561,tf,NFO,39169,195.25,-42.00,1702011791,15274830,195.45,45,15,195.40,,,,
2023-12-08 10:33:11.645167,tf,NFO,39169,195.75,-41.85,1702011791,,,,,,,,,
2023-12-08 10:33:12.030953,tf,NFO,39169,196.45,-41.65,1702011792,15276300,196.20,60,75,195.95,269.18,,,
2023-12-08 10:33:12.646388,tf,NFO,39169,196.10,-41.75,1702011792,,,,,,,,,
2023-12-08 10:33:13.032176,tf,NFO,39169,195.35,-41.97,1702011793,15276660,195.35,540,,195.00,,,,
2023-12-08 10:33:13.646067,tf,NFO,39169,195.40,-41.96,1702011793,,,,,,,,,
2023-12-08 10:33:14.033882,tf,NFO,39169,194.80,-42.14,1702011794,15277680,194.50,135,30,194.25,269.17,,,
2023-12-08 10:33:14.646902,tf,NFO,39169,194.30,-42.28,1702011794,,,,,,,,,
2023-12-08 10:33:15.647614,tf,NFO,39169,195.55,-41.91,1702011795,,,,,,,,,
2023-12-08 10:33:16.647786,tf,NFO,39169,195.45,-41.94,1702011796,,,,,,,,,
2023-12-08 10:33:17.040786,tf,NFO,39169,195.80,-41.84,1702011797,15280335,195.55,270,15,195.30,,,,
2023-12-08 10:33:18.249946,tf,NFO,39169,195.65,-41.88,1702011798,15281310,195.50,45,240,195.15,,,,
2023-12-08 10:33:18.648830,tf,NFO,39169,195.70,-41.87,1702011798,,,,,,,,,
2023-12-08 10:33:19.246691,tf,NFO,39169,195.65,-41.88,1702011799,15284250,195.70,405,15,195.55,269.14,,,
2023-12-08 10:33:19.649335,tf,NFO,39169,196.45,-41.65,1702011799,,,,,,,,,
2023-12-08 10:33:20.247972,tf,NFO,39169,196.15,-41.73,1702011800,15285525,196.40,255,120,196.05,269.13,,,
2023-12-08 10:33:20.649719,tf,NFO,39169,196.65,-41.59,1702011800,,,,,,,,,
2023-12-08 10:33:21.248609,tf,NFO,39169,196.10,-41.75,1702011801,15286395,196.20,60,60,,,,,
2023-12-08 10:33:21.650483,tf,NFO,39169,195.95,-41.79,1702011801,,,,,,,,,
2023-12-08 10:33:22.049103,tf,NFO,39169,196.50,-41.63,1702011802,15286935,196.55,,,196.25,,,,
2023-12-08 10:33:22.660475,tf,NFO,39169,195.40,-41.96,1702011802,,,,,,,,,
2023-12-08 10:33:23.049323,tf,NFO,39169,195.45,-41.94,1702011803,15287775,195.70,180,300,195.40,269.12,,,
2023-12-08 10:33:23.651042,tf,NFO,39169,195.20,-42.02,1702011803,,,,,,,,,
2023-12-08 10:33:24.053149,tf,NFO,39169,196.00,-41.78,1702011804,15290100,196.10,15,420,195.70,269.11,,,
2023-12-08 10:33:24.653042,tf,NFO,39169,195.80,-41.84,1702011804,,,,,,,,,
2023-12-08 10:33:25.056933,tf,NFO,39169,197.00,-41.48,1702011805,15290895,196.75,30,15,196.65,,,,
2023-12-08 10:33:25.652402,tf,NFO,39169,196.90,-41.51,1702011805,,,,,,,,,
2023-12-08 10:33:26.057608,tf,NFO,39169,197.15,-41.44,1702011806,15292110,196.95,90,45,196.85,269.10,,,
2023-12-08 10:33:26.652565,tf,NFO,39169,197.10,-41.45,1702011806,,,,,,,,,
2023-12-08 10:33:27.058910,tf,NFO,39169,197.05,-41.47,1702011807,15293535,197.05,105,120,196.80,,,,
2023-12-08 10:33:27.652690,tf,NFO,39169,196.70,-41.57,1702011807,,,,,,,,,
2023-12-08 10:33:28.060379,tf,NFO,39169,196.20,-41.72,1702011808,15295065,195.80,45,60,195.55,269.09,,,
2023-12-08 10:33:28.653842,tf,NFO,39169,196.60,-41.60,1702011808,,,,,,,,,
2023-12-08 10:33:29.262233,tf,NFO,39169,196.80,-41.54,1702011809,15296790,196.90,,495,196.55,269.08,,,
2023-12-08 10:33:29.653958,tf,NFO,39169,196.70,-41.57,1702011809,,,,,,,,,
2023-12-08 10:33:30.261895,tf,NFO,39169,196.50,-41.63,1702011810,15298725,196.45,210,45,196.25,269.07,,,
2023-12-08 10:33:30.654543,tf,NFO,39169,196.35,-41.68,1702011810,,,,,,,,,
2023-12-08 10:33:32.064276,tf,NFO,39169,196.80,-41.54,1702011812,15301125,196.50,60,30,196.45,,,,
2023-12-08 10:33:32.666916,tf,NFO,39169,196.25,-41.71,1702011812,,,,,,,,,
2023-12-08 10:33:33.069853,tf,NFO,39169,197.95,-41.20,1702011813,15303525,197.70,30,,197.45,269.05,,,
2023-12-08 10:33:33.658662,tf,NFO,39169,197.55,-41.32,1702011813,,,,,,,,,
2023-12-08 10:33:34.467624,tf,NFO,39169,198.80,-40.95,1702011814,15308880,199.00,240,1710,198.80,269.02,,,
2023-12-08 10:33:34.857839,tf,NFO,39169,198.00,-41.19,1702011814,,,,,,,,,
2023-12-08 10:33:35.470445,tf,NFO,39169,197.80,-41.24,1702011815,15311220,197.85,225,45,197.50,269.01,,,
2023-12-08 10:33:35.658681,tf,NFO,39169,198.40,-41.07,1702011815,,,,,,,,,
2023-12-08 10:33:36.473094,tf,NFO,39169,198.85,-40.93,1702011816,15312990,198.70,60,15,198.60,,,,
2023-12-08 10:33:36.659468,tf,NFO,39169,199.00,-40.89,1702011816,,,,,,,,,
2023-12-08 10:33:37.474392,tf,NFO,39169,199.70,-40.68,1702011817,15316740,199.90,30,75,199.55,268.99,,,
2023-12-08 10:33:37.661258,tf,NFO,39169,199.50,-40.74,1702011817,,,,,,,,,
2023-12-08 10:33:38.475835,tf,NFO,39169,199.60,-40.71,1702011818,15318165,200.10,,525,199.70,268.98,,,
2023-12-08 10:33:38.661740,tf,NFO,39169,199.85,-40.64,1702011818,,,,,,,,,
2023-12-08 10:33:39.481269,tf,NFO,39169,201.80,-40.06,1702011819,15326715,201.75,45,30,201.45,268.94,,,
2023-12-08 10:33:39.662496,tf,NFO,39169,201.60,-40.12,1702011819,,,,,,,,,
2023-12-08 10:33:40.663928,tf,NFO,39169,201.90,-40.03,1702011820,,,,,,,,,
2023-12-08 10:33:41.079568,tf,NFO,39169,201.65,-40.10,1702011821,15338580,201.85,390,75,201.45,268.89,,,
2023-12-08 10:33:41.664448,tf,NFO,39169,201.85,-40.04,1702011821,,,,,,,,,
2023-12-08 10:33:42.282201,tf,NFO,39169,200.80,-40.35,1702011822,15348315,200.90,60,120,200.60,268.85,,,
2023-12-08 10:33:42.664669,tf,NFO,39169,200.50,-40.44,1702011822,,,,,,,,,
2023-12-08 10:33:43.083458,tf,NFO,39169,200.60,-40.41,1702011823,15355245,200.75,30,15,200.45,268.82,,,
2023-12-08 10:33:43.666118,tf,NFO,39169,200.50,-40.44,1702011823,,,,,,,,,
2023-12-08 10:33:44.286004,tf,NFO,39169,200.30,-40.50,1702011824,15358215,200.80,210,45,200.40,268.81,,,
2023-12-08 10:33:44.667087,tf,NFO,39169,201.80,-40.06,1702011824,,,,,,,,,
2023-12-08 10:33:45.288554,tf,NFO,39169,201.50,-40.15,1702011825,15361845,201.70,30,15,201.35,268.79,,,
2023-12-08 10:33:46.300043,tf,NFO,39169,201.55,-40.13,1702011826,15363165,201.40,45,,201.10,268.78,,,
2023-12-08 10:33:46.669038,tf,NFO,39169,201.45,-40.16,1702011826,,,,,,,,,
2023-12-08 10:33:47.294618,tf,NFO,39169,201.30,-40.20,1702011827,15366840,201.30,345,60,200.90,268.77,,,
2023-12-08 10:33:47.669460,tf,NFO,39169,201.40,-40.18,1702011827,,,,,,,,,
2023-12-08 10:33:48.296188,tf,NFO,39169,200.20,-40.53,1702011828,15368955,200.80,60,210,200.35,268.76,,,
2023-12-08 10:33:48.670186,tf,NFO,39169,200.55,-40.43,1702011828,,,,,,,,,
2023-12-08 10:33:49.296590,tf,NFO,39169,200.45,-40.46,1702011829,15371910,200.45,150,240,200.10,268.75,,,
2023-12-08 10:33:49.670869,tf,NFO,39169,200.00,-40.59,1702011829,,,,,,,,,
2023-12-08 10:33:50.497141,tf,NFO,39169,200.75,-40.37,1702011830,15374970,200.75,45,60,200.45,268.73,,,
2023-12-08 10:33:50.672058,tf,NFO,39169,200.15,-40.55,1702011830,,,,,,,,,
2023-12-08 10:33:51.672205,tf,NFO,39169,198.50,-41.04,1702011831,,,,,,,,,
2023-12-08 10:33:52.299902,tf,NFO,39169,198.20,-41.13,1702011832,15380505,198.25,30,30,197.90,268.71,,,
2023-12-08 10:33:52.872483,tf,NFO,39169,199.35,-40.78,1702011832,,,,,,,,,
2023-12-08 10:33:53.099611,tf,NFO,39169,199.20,-40.83,1702011833,15382905,199.35,60,15,199.10,268.70,,,
2023-12-08 10:33:53.673476,tf,NFO,39169,200.20,-40.53,1702011833,,,,,,,,,
2023-12-08 10:33:54.100602,tf,NFO,39169,200.00,-40.59,1702011834,15383790,200.25,45,120,199.95,268.69,,,
2023-12-08 10:33:54.674005,tf,NFO,39169,201.40,-40.18,1702011834,,,,,,,,,
2023-12-08 10:33:55.101543,tf,NFO,39169,200.90,-40.32,1702011835,15386550,201.35,270,30,200.95,268.68,,,
2023-12-08 10:33:55.674626,tf,NFO,39169,201.40,-40.18,1702011835,,,,,,,,,
2023-12-08 10:33:56.101422,tf,NFO,39169,201.65,-40.10,1702011836,15389670,201.65,15,150,201.25,268.67,,,
2023-12-08 10:33:56.675054,tf,NFO,39169,201.80,-40.06,1702011836,,,,,,,,,
2023-12-08 10:33:57.105068,tf,NFO,39169,201.85,-40.04,1702011837,15390705,202.05,30,30,201.80,268.66,,,
2023-12-08 10:33:57.675943,tf,NFO,39169,202.80,-39.76,1702011837,,,,,,,,,
2023-12-08 10:33:58.105831,tf,NFO,39169,202.30,-39.91,1702011838,15391770,202.55,15,75,202.25,,,,
2023-12-08 10:33:58.676749,tf,NFO,39169,201.65,-40.10,1702011838,,,,,,,,,
2023-12-08 10:33:59.307460,tf,NFO,39169,204.85,-39.15,1702011839,15398400,204.60,30,45,204.30,268.63,,,
2023-12-08 10:33:59.677336,tf,NFO,39169,204.40,-39.28,1702011839,,,,,,,,,
2023-12-08 10:34:00.309170,tf,NFO,39169,204.15,-39.36,1702011840,15404415,204.85,60,30,204.60,268.60,,,
2023-12-08 10:34:00.677842,tf,NFO,39169,205.50,-38.96,1702011840,,,,,,,,,
2023-12-08 10:34:01.310756,tf,NFO,39169,206.90,-38.54,1702011841,15413550,206.90,90,,206.60,268.57,,,
2023-12-08 10:34:01.679928,tf,NFO,39169,206.75,-38.59,1702011841,,,,,,,,,
2023-12-08 10:34:02.313264,tf,NFO,39169,208.35,-38.11,1702011842,15417600,208.45,,45,208.00,268.55,,,
2023-12-08 10:34:02.680451,tf,NFO,39169,207.45,-38.38,1702011842,,,,,,,,,
2023-12-08 10:34:03.315536,tf,NFO,39169,206.95,-38.53,1702011843,15420135,207.40,75,,207.10,268.54,,,
2023-12-08 10:34:03.679665,tf,NFO,39169,207.20,-38.45,1702011843,,,,,,,,,
2023-12-08 10:34:04.320555,tf,NFO,39169,208.20,-38.16,1702011844,15424155,208.20,135,30,207.80,268.52,,,
2023-12-08 10:34:04.879469,tf,NFO,39169,208.45,-38.08,1702011844,,,,,,,,,
2023-12-08 10:34:05.116854,tf,NFO,39169,208.85,-37.96,1702011845,15427575,208.70,60,,208.55,268.51,,,
2023-12-08 10:34:05.680099,tf,NFO,39169,208.40,-38.10,1702011845,,,,,,,,,
2023-12-08 10:34:06.118064,tf,NFO,39169,208.75,-37.99,1702011846,15434235,208.20,135,45,207.80,268.49,,,
2023-12-08 10:34:06.681056,tf,NFO,39169,207.10,-38.48,1702011846,,,,,,,,,
2023-12-08 10:34:07.119096,tf,NFO,39169,207.50,-38.36,1702011847,15436935,207.45,165,75,207.30,268.48,,,
2023-12-08 10:34:07.682361,tf,NFO,39169,207.95,-38.23,1702011847,,,,,,,,,
2023-12-08 10:34:08.124761,tf,NFO,39169,208.85,-37.96,1702011848,15445635,209.50,105,255,209.05,268.44,,,
2023-12-08 10:34:08.682759,tf,NFO,39169,211.95,-37.04,1702011848,,,,,,,,,
2023-12-08 10:34:09.123237,tf,NFO,39169,210.90,-37.35,1702011849,15454845,211.40,30,210,211.00,268.41,,,
2023-12-08 10:34:09.682894,tf,NFO,39169,210.60,-37.44,1702011849,,,,,,,,,
2023-12-08 10:34:10.127098,tf,NFO,39169,210.70,-37.41,1702011850,15459840,210.70,60,240,210.30,268.39,,,
2023-12-08 10:34:10.683360,tf,NFO,39169,213.15,-36.68,1702011850,,,,,,,,,
2023-12-08 10:34:11.325414,tf,NFO,39169,212.20,-36.97,1702011851,15467430,212.30,90,30,211.95,268.36,,,
2023-12-08 10:34:11.684413,tf,NFO,39169,211.80,-37.09,1702011851,,,,,,,,,
2023-12-08 10:34:12.326546,tf,NFO,39169,212.90,-36.76,1702011852,15477195,213.25,30,15,212.90,268.32,,,
2023-12-08 10:34:12.684014,tf,NFO,39169,212.65,-36.83,1702011852,,,,,,,,,
2023-12-08 10:34:13.131178,tf,NFO,39169,212.60,-36.85,1702011853,15482430,212.40,,,212.00,268.31,,,
2023-12-08 10:34:13.684983,tf,NFO,39169,211.20,-37.26,1702011853,,,,,,,,,
2023-12-08 10:34:14.129588,tf,NFO,39169,214.50,-36.28,1702011854,15491115,214.50,180,30,214.10,268.28,,,
2023-12-08 10:34:14.684877,tf,NFO,39169,215.90,-35.87,1702011854,,,,,,,,,
2023-12-08 10:34:15.131202,tf,NFO,39169,216.65,-35.65,1702011855,15495750,216.75,45,120,216.30,268.26,,,
2023-12-08 10:34:15.884469,tf,NFO,39169,215.45,-36.00,1702011855,,,,,,,,,
2023-12-08 10:34:16.131371,tf,NFO,39169,215.70,-35.93,1702011856,15502680,216.00,30,210,215.60,268.24,,,
2023-12-08 10:34:16.685506,tf,NFO,39169,216.80,-35.60,1702011856,,,,,,,,,
2023-12-08 10:34:17.685709,tf,NFO,39169,215.60,-35.96,1702011857,,,,,,,,,
2023-12-08 10:34:18.134741,tf,NFO,39169,214.50,-36.28,1702011858,15512250,214.80,135,135,214.50,268.20,,,
2023-12-08 10:34:18.686447,tf,NFO,39169,215.10,-36.11,1702011858,,,,,,,,,
2023-12-08 10:34:19.136160,tf,NFO,39169,213.90,-36.46,1702011859,15516045,214.35,195,105,213.90,268.19,,,
2023-12-08 10:34:19.687670,tf,NFO,39169,213.45,-36.60,1702011859,,,,,,,,,
2023-12-08 10:34:20.138894,tf,NFO,39169,212.00,-37.03,1702011860,15521565,212.40,315,375,212.00,268.17,,,
2023-12-08 10:34:20.688249,tf,NFO,39169,214.00,-36.43,1702011860,,,,,,,,,
2023-12-08 10:34:21.139162,tf,NFO,39169,213.75,-36.51,1702011861,15525375,213.65,750,120,213.30,268.16,,,
2023-12-08 10:34:21.688985,tf,NFO,39169,214.45,-36.30,1702011861,,,,,,,,,
2023-12-08 10:34:22.339654,tf,NFO,39169,214.00,-36.43,1702011862,15531150,213.95,30,15,213.60,268.14,,,
2023-12-08 10:34:22.689760,tf,NFO,39169,214.85,-36.18,1702011862,,,,,,,,,
2023-12-08 10:34:23.339589,tf,NFO,39169,215.35,-36.03,1702011863,15533505,215.35,,,214.95,268.13,,,
2023-12-08 10:34:23.691721,tf,NFO,39169,216.00,-35.84,1702011863,,,,,,,,,
2023-12-08 10:34:24.543124,tf,NFO,39169,215.50,-35.99,1702011864,15539295,215.95,210,60,215.55,268.11,,,
2023-12-08 10:34:24.891901,tf,NFO,39169,215.15,-36.09,1702011864,,,,,,,,,
2023-12-08 10:34:25.544107,tf,NFO,39169,214.85,-36.18,1702011865,15543135,214.85,315,30,214.50,268.10,,,
2023-12-08 10:34:25.692399,tf,NFO,39169,215.40,-36.02,1702011865,,,,,,,,,
2023-12-08 10:34:26.693318,tf,NFO,39169,215.00,-36.14,1702011866,,,,,,,,,
2023-12-08 10:34:27.147505,tf,NFO,39169,214.00,-36.43,1702011867,15548880,214.00,30,105,213.75,,,,
2023-12-08 10:34:27.693991,tf,NFO,39169,213.50,-36.58,1702011867,,,,,,,,,
2023-12-08 10:34:28.147607,tf,NFO,39169,214.10,-36.40,1702011868,15553560,214.05,180,75,213.55,268.06,,,
2023-12-08 10:34:28.694512,tf,NFO,39169,213.10,-36.70,1702011868,,,,,,,,,
2023-12-08 10:34:29.153561,tf,NFO,39169,212.55,-36.86,1702011869,15558645,212.60,270,60,212.15,268.04,,,
2023-12-08 10:34:29.695559,tf,NFO,39169,211.80,-37.09,1702011869,,,,,,,,,
2023-12-08 10:34:30.549644,tf,NFO,39169,210.10,-37.59,1702011870,15566940,210.35,60,255,210.00,268.01,,,
2023-12-08 10:34:30.696597,tf,NFO,39169,210.25,-37.55,1702011870,,,,,,,,,
2023-12-08 10:34:31.552054,tf,NFO,39169,210.65,-37.43,1702011871,15570000,211.00,120,30,210.60,268.00,,,
2023-12-08 10:34:31.696754,tf,NFO,39169,210.75,-37.40,1702011871,,,,,,,,,
2023-12-08 10:34:32.555545,tf,NFO,39169,211.25,-37.25,1702011872,15574050,212.15,45,15,211.85,267.99,,,
2023-12-08 10:34:32.698343,tf,NFO,39169,212.30,-36.94,1702011872,,,,,,,,,
2023-12-08 10:34:33.564242,tf,NFO,39169,211.60,-37.15,1702011873,15576075,211.60,15,195,211.30,267.98,,,
2023-12-08 10:34:33.698361,tf,NFO,39169,211.55,-37.16,1702011873,,,,,,,,,
2023-12-08 10:34:34.699375,tf,NFO,39169,210.35,-37.52,1702011874,,,,,,,,,
2023-12-08 10:34:34.758336,tf,NFO,39169,210.30,-37.53,1702011874,15577155,210.65,435,75,210.25,,,,
2023-12-08 10:34:35.158746,tf,NFO,39169,210.00,-37.62,1702011875,15578235,210.00,30,60,209.65,267.97,,,
2023-12-08 10:34:35.700856,tf,NFO,39169,208.75,-37.99,1702011875,,,,,,,,,
2023-12-08 10:34:36.160037,tf,NFO,39169,209.15,-37.87,1702011876,15583350,209.10,,30,208.70,267.95,,,
2023-12-08 10:34:36.700668,tf,NFO,39169,208.80,-37.98,1702011876,,,,,,,,,
2023-12-08 10:34:37.160951,tf,NFO,39169,208.60,-38.04,1702011877,15588810,209.00,105,195,208.60,267.93,,,
2023-12-08 10:34:37.702098,tf,NFO,39169,208.85,-37.96,1702011877,,,,,,,,,
2023-12-08 10:34:38.162939,tf,NFO,39169,209.40,-37.80,1702011878,15591870,209.40,60,75,209.00,267.92,,,
2023-12-08 10:34:38.703277,tf,NFO,39169,210.90,-37.35,1702011878,,,,,,,,,
2023-12-08 10:34:39.163655,tf,NFO,39169,211.05,-37.31,1702011879,15592560,211.40,90,1110,210.90,,,,
2023-12-08 10:34:39.703124,tf,NFO,39169,211.50,-37.18,1702011879,,,,,,,,,
2023-12-08 10:34:40.164404,tf,NFO,39169,214.00,-36.43,1702011880,15595860,213.80,15,30,213.40,267.91,,,
2023-12-08 10:34:40.903594,tf,NFO,39169,213.10,-36.70,1702011880,,,,,,,,,
2023-12-08 10:34:41.165633,tf,NFO,39169,213.35,-36.63,1702011881,15599670,213.30,,630,212.95,267.89,,,
2023-12-08 10:34:41.704848,tf,NFO,39169,212.35,-36.92,1702011881,,,,,,,,,
2023-12-08 10:34:42.704881,tf,NFO,39169,212.10,-37.00,1702011882,,,,,,,,,
2023-12-08 10:34:43.168805,tf,NFO,39169,210.70,-37.41,1702011883,15601875,211.15,,30,210.90,267.88,,,
2023-12-08 10:34:43.706084,tf,NFO,39169,211.50,-37.18,1702011883,,,,,,,,,
2023-12-08 10:34:44.169387,tf,NFO,39169,211.85,-37.07,1702011884,15603300,212.55,45,,212.15,,,,
2023-12-08 10:34:44.706575,tf,NFO,39169,212.80,-36.79,1702011884,,,,,,,,,
2023-12-08 10:34:45.171774,tf,NFO,39169,212.85,-36.77,1702011885,15605490,212.80,60,,212.45,267.87,,,
2023-12-08 10:34:45.707119,tf,NFO,39169,211.45,-37.19,1702011885,,,,,,,,,
2023-12-08 10:34:46.177760,tf,NFO,39169,210.95,-37.34,1702011886,15608040,210.95,30,15,210.65,267.86,,,
2023-12-08 10:34:46.707271,tf,NFO,39169,212.15,-36.98,1702011886,,,,,,,,,
2023-12-08 10:34:47.379447,tf,NFO,39169,212.25,-36.95,1702011887,15609390,212.20,45,30,211.85,,,,
2023-12-08 10:34:47.708159,tf,NFO,39169,211.50,-37.18,1702011887,,,,,,,,,
2023-12-08 10:34:48.380049,tf,NFO,39169,211.25,-37.25,1702011888,15610650,211.85,90,225,211.45,267.85,,,
2023-12-08 10:34:48.709335,tf,NFO,39169,210.65,-37.43,1702011888,,,,,,,,,
2023-12-08 10:34:49.582507,tf,NFO,39169,211.50,-37.18,1702011889,15611430,211.90,45,75,211.50,,,,
2023-12-08 10:34:49.710762,tf,NFO,39169,211.90,-37.06,1702011889,,,,,,,,,
2023-12-08 10:34:50.583419,tf,NFO,39169,212.85,-36.77,1702011890,15612795,213.00,30,,212.80,,,,
2023-12-08 10:34:50.710583,tf,NFO,39169,213.00,-36.73,1702011890,,,,,,,,,
2023-12-08 10:34:51.582827,tf,NFO,39169,213.20,-36.67,1702011891,15614355,212.70,60,60,212.35,267.84,,,
2023-12-08 10:34:51.711224,tf,NFO,39169,213.25,-36.66,1702011891,,,,,,,,,
2023-12-08 10:34:52.185387,tf,NFO,39169,213.10,-36.70,1702011892,15622785,213.10,15,225,212.75,267.81,,,
2023-12-08 10:34:52.712192,tf,NFO,39169,212.25,-36.95,1702011892,,,,,,,,,
2023-12-08 10:34:53.385854,tf,NFO,39169,213.20,-36.67,1702011893,15624795,213.20,30,15,212.90,267.80,,,
2023-12-08 10:34:53.711829,tf,NFO,39169,213.00,-36.73,1702011893,,,,,,,,,
2023-12-08 10:34:54.184578,tf,NFO,39169,213.40,-36.61,1702011894,15626820,213.45,45,60,213.10,,,,
2023-12-08 10:34:54.712966,tf,NFO,39169,213.85,-36.48,1702011894,,,,,,,,,
2023-12-08 10:34:55.185783,tf,NFO,39169,214.10,-36.40,1702011895,15629220,213.90,30,375,213.45,267.79,,,
2023-12-08 10:34:55.712878,tf,NFO,39169,213.25,-36.66,1702011895,,,,,,,,,
2023-12-08 10:34:56.191214,tf,NFO,39169,212.70,-36.82,1702011896,15631140,212.70,60,195,212.30,267.78,,,
2023-12-08 10:34:56.713370,tf,NFO,39169,211.55,-37.16,1702011896,,,,,,,,,
2023-12-08 10:34:57.392684,tf,NFO,39169,212.00,-37.03,1702011897,15633315,211.90,30,300,211.55,267.77,,,
2023-12-08 10:34:57.713725,tf,NFO,39169,212.55,-36.86,1702011897,,,,,,,,,
2023-12-08 10:34:58.397676,tf,NFO,39169,211.50,-37.18,1702011898,15635475,211.95,15,135,,,,,
2023-12-08 10:34:59.593194,tf,NFO,39169,211.30,-37.23,1702011899,15636420,211.30,,660,211.05,267.76,,,
2023-12-08 10:34:59.714951,tf,NFO,39169,210.60,-37.44,1702011899,,,,,,,,,
2023-12-08 10:35:00.193064,tf,NFO,39169,210.65,-37.43,1702011900,15637635,211.45,45,285,211.10,,,,
2023-12-08 10:35:00.716951,tf,NFO,39169,210.50,-37.47,1702011900,,,,,,,,,
2023-12-08 10:35:01.395142,tf,NFO,39169,210.10,-37.59,1702011901,15641580,210.10,60,540,209.70,267.74,,,
2023-12-08 10:35:01.715935,tf,NFO,39169,209.65,-37.72,1702011901,,,,,,,,,
2023-12-08 10:35:02.396145,tf,NFO,39169,209.80,-37.68,1702011902,15643080,210.45,45,75,210.15,,,,
2023-12-08 10:35:02.716311,tf,NFO,39169,210.40,-37.50,1702011902,,,,,,,,,
2023-12-08 10:35:03.198523,tf,NFO,39169,211.30,-37.23,1702011903,15644715,211.25,15,330,210.90,267.73,,,
2023-12-08 10:35:03.716506,tf,NFO,39169,210.25,-37.55,1702011903,,,,,,,,,
2023-12-08 10:35:04.201010,tf,NFO,39169,210.30,-37.53,1702011904,15646230,210.60,90,255,210.25,,,,
2023-12-08 10:35:04.716922,tf,NFO,39169,210.65,-37.43,1702011904,,,,,,,,,
2023-12-08 10:35:05.202036,tf,NFO,39169,211.15,-37.28,1702011905,15647955,211.10,15,30,210.80,267.72,,,
2023-12-08 10:35:05.916739,tf,NFO,39169,210.00,-37.62,1702011905,,,,,,,,,
2023-12-08 10:35:06.202370,tf,NFO,39169,210.65,-37.43,1702011906,15648735,210.30,30,15,210.00,,,,
2023-12-08 10:35:07.207498,tf,NFO,39169,211.20,-37.26,1702011907,15650265,211.45,90,375,211.00,267.71,,,
2023-12-08 10:35:07.717683,tf,NFO,39169,211.00,-37.32,1702011907,,,,,,,,,
2023-12-08 10:35:08.204243,tf,NFO,39169,210.45,-37.49,1702011908,15653430,210.75,900,15,210.45,267.70,,,
2023-12-08 10:35:08.718158,tf,NFO,39169,210.90,-37.35,1702011908,,,,,,,,,
2023-12-08 10:35:09.209523,tf,NFO,39169,210.35,-37.52,1702011909,15654660,210.35,120,105,210.00,,,,
2023-12-08 10:35:09.718186,tf,NFO,39169,210.20,-37.56,1702011909,,,,,,,,,
2023-12-08 10:35:10.411338,tf,NFO,39169,209.50,-37.77,1702011910,15656220,209.45,15,60,209.10,267.69,,,
2023-12-08 10:35:10.718609,tf,NFO,39169,209.45,-37.78,1702011910,,,,,,,,,
2023-12-08 10:35:11.414352,tf,NFO,39169,210.45,-37.49,1702011911,15656985,210.30,135,195,209.90,,,,
2023-12-08 10:35:11.720005,tf,NFO,39169,210.40,-37.50,1702011911,,,,,,,,,
2023-12-08 10:35:12.415363,tf,NFO,39169,210.00,-37.62,1702011912,15658050,210.25,60,75,209.85,267.68,,,
2023-12-08 10:35:12.719725,tf,NFO,39169,210.30,-37.53,1702011912,,,,,,,,,
2023-12-08 10:35:13.414564,tf,NFO,39169,209.95,-37.64,1702011913,15658470,210.05,30,30,209.70,,,,
2023-12-08 10:35:13.720515,tf,NFO,39169,209.85,-37.67,1702011913,,,,,,,,,
2023-12-08 10:35:14.615247,tf,NFO,39169,211.00,-37.32,1702011914,15659805,211.30,45,15,211.00,,,,
2023-12-08 10:35:15.721263,tf,NFO,39169,210.10,-37.59,1702011915,,,,,,,,,
2023-12-08 10:35:16.416537,tf,NFO,39169,209.85,-37.67,1702011916,15662160,209.85,30,45,209.55,,,,
2023-12-08 10:35:16.721572,tf,NFO,39169,209.40,-37.80,1702011916,,,,,,,,,
2023-12-08 10:35:17.421528,tf,NFO,39169,210.70,-37.41,1702011917,15663315,210.65,195,,210.25,267.66,,,
2023-12-08 10:35:17.722171,tf,NFO,39169,210.55,-37.46,1702011917,,,,,,,,,
2023-12-08 10:35:18.621979,tf,NFO,39169,210.95,-37.34,1702011918,15663855,210.85,45,15,210.45,,,,
2023-12-08 10:35:19.222512,tf,NFO,39169,210.00,-37.62,1702011919,15666090,209.35,120,30,209.00,267.65,,,
2023-12-08 10:35:20.421867,tf,NFO,39169,209.70,-37.71,1702011920,15666600,210.15,60,90,209.70,,,,
2023-12-08 10:35:20.723452,tf,NFO,39169,209.95,-37.64,1702011920,,,,,,,,,
2023-12-08 10:35:21.624206,tf,NFO,39169,209.85,-37.67,1702011921,15668055,209.95,30,75,,,,,
2023-12-08 10:35:22.626811,tf,NFO,39169,210.35,-37.52,1702011922,15669390,211.00,75,930,210.75,267.64,,,
2023-12-08 10:35:23.630835,tf,NFO,39169,213.80,-36.49,1702011923,15673200,213.70,30,45,213.45,267.63,,,
2023-12-08 10:35:23.724669,tf,NFO,39169,213.70,-36.52,1702011923,,,,,,,,,
2023-12-08 10:35:24.725933,tf,NFO,39169,213.40,-36.61,1702011924,,,,,,,,,
2023-12-08 10:35:25.229043,tf,NFO,39169,213.85,-36.48,1702011925,15675450,213.85,75,,213.45,,,,
2023-12-08 10:35:25.725998,tf,NFO,39169,214.35,-36.33,1702011925,,,,,,,,,
2023-12-08 10:35:26.240948,tf,NFO,39169,214.90,-36.17,1702011926,15681390,214.80,300,270,214.35,267.60,,,
2023-12-08 10:35:26.726026,tf,NFO,39169,215.45,-36.00,1702011926,,,,,,,,,
2023-12-08 10:35:27.437558,tf,NFO,39169,217.75,-35.32,1702011927,15685965,217.85,15,75,217.45,267.58,,,
2023-12-08 10:35:27.726503,tf,NFO,39169,217.70,-35.33,1702011927,,,,,,,,,
2023-12-08 10:35:28.634204,tf,NFO,39169,218.15,-35.20,1702011928,15692595,218.50,30,90,218.10,267.56,,,
2023-12-08 10:35:28.726762,tf,NFO,39169,218.30,-35.16,1702011928,,,,,,,,,
2023-12-08 10:35:29.439924,tf,NFO,39169,218.90,-34.98,1702011929,15693660,219.35,60,30,219.00,,,,
2023-12-08 10:35:30.236851,tf,NFO,39169,217.60,-35.36,1702011930,15696675,217.75,45,,217.40,267.55,,,
2023-12-08 10:35:30.727210,tf,NFO,39169,216.65,-35.65,1702011930,,,,,,,,,
2023-12-08 10:35:31.238473,tf,NFO,39169,214.85,-36.18,1702011931,15699990,215.00,30,135,214.75,267.54,,,
2023-12-08 10:35:31.727449,tf,NFO,39169,215.80,-35.90,1702011931,,,,,,,,,
2023-12-08 10:35:32.247659,tf,NFO,39169,215.85,-35.88,1702011932,15701985,216.25,,45,215.85,267.53,,,
2023-12-08 10:35:32.728597,tf,NFO,39169,216.25,-35.76,1702011932,,,,,,,1804245,,
2023-12-08 10:35:33.243568,tf,NFO,39169,217.20,-35.48,1702011933,15704685,217.40,135,15,217.15,,,,
2023-12-08 10:35:33.728298,tf,NFO,39169,217.50,-35.39,1702011933,,,,,,,,,
2023-12-08 10:35:34.245084,tf,NFO,39169,218.25,-35.17,1702011934,15709050,218.25,30,405,217.85,267.51,,,
2023-12-08 10:35:34.729447,tf,NFO,39169,217.40,-35.42,1702011934,,,,,,,,,
2023-12-08 10:35:35.247744,tf,NFO,39169,216.50,-35.69,1702011935,15711735,216.85,15,60,216.50,267.50,,,
2023-12-08 10:35:35.729356,tf,NFO,39169,217.65,-35.35,1702011935,,,,,,,,,
2023-12-08 10:35:36.246950,tf,NFO,39169,216.65,-35.65,1702011936,15714120,217.05,90,15,216.70,,,,
2023-12-08 10:35:36.729414,tf,NFO,39169,217.40,-35.42,1702011936,,,,,,,,,
2023-12-08 10:35:37.448260,tf,NFO,39169,215.50,-35.99,1702011937,15718410,215.45,15,45,215.10,267.48,,,
2023-12-08 10:35:37.730565,tf,NFO,39169,215.30,-36.05,1702011937,,,,,,,,,
2023-12-08 10:35:38.251507,tf,NFO,39169,215.65,-35.94,1702011938,15719775,215.60,150,30,215.20,,,,
2023-12-08 10:35:38.730555,tf,NFO,39169,216.15,-35.79,1702011938,,,,,,,,,
2023-12-08 10:35:39.251048,tf,NFO,39169,215.80,-35.90,1702011939,15721680,215.75,30,315,215.35,267.47,,,
2023-12-08 10:35:39.730646,tf,NFO,39169,215.55,-35.97,1702011939,,,,,,,,,
2023-12-08 10:35:40.731411,tf,NFO,39169,216.85,-35.59,1702011940,,,,,,,,,
2023-12-08 10:35:41.458435,tf,NFO,39169,216.80,-35.60,1702011941,15724575,217.00,,420,216.60,267.46,,,
2023-12-08 10:35:41.731485,tf,NFO,39169,217.00,-35.54,1702011941,,,,,,,,,
2023-12-08 10:35:42.731917,tf,NFO,39169,216.55,-35.68,1702011942,,,,,,,,,
2023-12-08 10:35:43.259283,tf,NFO,39169,217.40,-35.42,1702011943,15726810,217.85,45,705,217.45,267.45,,,
2023-12-08 10:35:43.733053,tf,NFO,39169,217.70,-35.33,1702011943,,,,,,,,,
2023-12-08 10:35:44.261022,tf,NFO,39169,218.10,-35.21,1702011944,15728010,218.55,165,75,218.20,,,,
2023-12-08 10:35:44.734171,tf,NFO,39169,218.15,-35.20,1702011944,,,,,,,,,
2023-12-08 10:35:45.262678,tf,NFO,39169,218.35,-35.14,1702011945,15728625,218.50,120,210,218.10,,,,
2023-12-08 10:35:45.734805,tf,NFO,39169,218.65,-35.05,1702011945,,,,,,,,,
2023-12-08 10:35:46.264670,tf,NFO,39169,218.80,-35.01,1702011946,15729780,218.85,15,570,218.45,267.44,,,
2023-12-08 10:35:46.735903,tf,NFO,39169,218.30,-35.16,1702011946,,,,,,,,,
2023-12-08 10:35:47.265435,tf,NFO,39169,217.95,-35.26,1702011947,15731145,218.30,30,15,218.10,,,,
2023-12-08 10:35:47.736535,tf,NFO,39169,218.25,-35.17,1702011947,,,,,,,,,
2023-12-08 10:35:48.736939,tf,NFO,39169,217.85,-35.29,1702011948,,,,,,,,,
2023-12-08 10:35:49.471042,tf,NFO,39169,217.75,-35.32,1702011949,15737055,217.40,45,60,217.00,267.42,,,
2023-12-08 10:35:49.737714,tf,NFO,39169,216.80,-35.60,1702011949,,,,,,,,,
2023-12-08 10:35:50.673913,tf,NFO,39169,216.15,-35.79,1702011950,15739785,216.05,,45,215.70,267.41,,,
2023-12-08 10:35:51.738902,tf,NFO,39169,215.50,-35.99,1702011951,,,,,,,,,
2023-12-08 10:35:51.872688,tf,NFO,39169,215.85,-35.88,1702011951,15742560,215.90,30,705,215.55,267.40,,,
2023-12-08 10:35:52.272455,tf,NFO,39169,215.45,-36.00,1702011952,15742845,215.85,435,15,215.45,,,,
2023-12-08 10:35:52.740207,tf,NFO,39169,215.85,-35.88,1702011952,,,,,,,,,
2023-12-08 10:35:53.275077,tf,NFO,39169,214.90,-36.17,1702011953,15744900,214.95,30,,214.60,,,,
2023-12-08 10:35:53.741371,tf,NFO,39169,214.20,-36.37,1702011953,,,,,,,,,
2023-12-08 10:35:54.275971,tf,NFO,39169,214.30,-36.34,1702011954,15747465,214.30,15,165,214.00,267.39,,,
2023-12-08 10:35:54.941963,tf,NFO,39169,213.80,-36.49,1702011954,,,,,,,,,
2023-12-08 10:35:55.277924,tf,NFO,39169,213.50,-36.58,1702011955,15749595,214.10,,300,213.80,267.38,,,
2023-12-08 10:35:55.742105,tf,NFO,39169,214.05,-36.42,1702011955,,,,,,,,,
2023-12-08 10:35:56.743448,tf,NFO,39169,215.75,-35.91,1702011956,,,,,,,,,
2023-12-08 10:35:57.281334,tf,NFO,39169,215.55,-35.97,1702011957,15753015,215.85,,120,215.50,,,,
2023-12-08 10:35:57.743302,tf,NFO,39169,216.00,-35.84,1702011957,,,,,,,,,
2023-12-08 10:35:58.284142,tf,NFO,39169,215.40,-36.02,1702011958,15754260,215.75,15,30,215.35,267.36,,,
2023-12-08 10:35:58.744052,tf,NFO,39169,214.40,-36.31,1702011958,,,,,,,,,
2023-12-08 10:35:59.283946,tf,NFO,39169,213.50,-36.58,1702011959,15756270,213.80,60,15,213.55,,,,
2023-12-08 10:35:59.744672,tf,NFO,39169,214.00,-36.43,1702011959,,,,,,,,,
2023-12-08 10:36:00.288811,tf,NFO,39169,214.65,-36.24,1702011960,15757140,214.70,30,300,214.40,267.35,,,
2023-12-08 10:36:00.745200,tf,NFO,39169,213.90,-36.46,1702011960,,,,,,,,,
2023-12-08 10:36:01.486115,tf,NFO,39169,212.60,-36.85,1702011961,15760215,212.60,,180,212.30,267.34,,,
2023-12-08 10:36:01.746536,tf,NFO,39169,212.40,-36.91,1702011961,,,,,,,,,
2023-12-08 10:36:02.289441,tf,NFO,39169,211.50,-37.18,1702011962,15762720,211.80,15,60,211.40,,,,
2023-12-08 10:36:02.746989,tf,NFO,39169,212.20,-36.97,1702011962,,,,,,,,,
2023-12-08 10:36:03.289882,tf,NFO,39169,212.25,-36.95,1702011963,15764145,212.60,180,30,212.20,267.33,,,
2023-12-08 10:36:03.747139,tf,NFO,39169,213.40,-36.61,1702011963,,,,,,,,,
2023-12-08 10:36:04.295859,tf,NFO,39169,213.55,-36.57,1702011964,15765555,213.55,30,45,213.15,,,,
2023-12-08 10:36:04.748239,tf,NFO,39169,213.15,-36.68,1702011964,,,,,,,,,
2023-12-08 10:36:05.499786,tf,NFO,39169,212.75,-36.80,1702011965,15767700,213.10,105,,212.75,267.32,,,
2023-12-08 10:36:05.749087,tf,NFO,39169,212.95,-36.74,1702011965,,,,,,,,,
2023-12-08 10:36:06.297183,tf,NFO,39169,213.30,-36.64,1702011966,15768690,213.25,300,390,213.00,267.31,,,
2023-12-08 10:36:06.749353,tf,NFO,39169,213.55,-36.57,1702011966,,,,,,,,,
2023-12-08 10:36:07.297840,tf,NFO,39169,213.70,-36.52,1702011967,15770895,214.10,15,450,213.65,,,,
2023-12-08 10:36:07.750276,tf,NFO,39169,213.80,-36.49,1702011967,,,,,,,,,
2023-12-08 10:36:08.298762,tf,NFO,39169,214.20,-36.37,1702011968,15771270,214.25,30,285,213.90,,,,
2023-12-08 10:36:08.750541,tf,NFO,39169,215.20,-36.08,1702011968,,,,,,,,,
2023-12-08 10:36:09.300338,tf,NFO,39169,215.40,-36.02,1702011969,15774585,215.90,15,60,215.50,267.30,,,
2023-12-08 10:36:09.751203,tf,NFO,39169,215.65,-35.94,1702011969,,,,,,,,,
2023-12-08 10:36:10.309027,tf,NFO,39169,215.90,-35.87,1702011970,15774930,,390,30,,267.29,,,
2023-12-08 10:36:10.751900,tf,NFO,39169,215.35,-36.03,1702011970,,,,,,,,,
2023-12-08 10:36:11.308289,tf,NFO,39169,214.65,-36.24,1702011971,15775650,214.70,30,270,214.30,,,,
2023-12-08 10:36:11.752379,tf,NFO,39169,215.00,-36.14,1702011971,,,,,,,,,
2023-12-08 10:36:12.507654,tf,NFO,39169,214.95,-36.15,1702011972,15776340,214.35,,60,213.95,,,,
2023-12-08 10:36:12.752542,tf,NFO,39169,214.35,-36.33,1702011972,,,,,,,,,
2023-12-08 10:36:13.706933,tf,NFO,39169,214.00,-36.43,1702011973,15777135,214.40,,450,214.00,,,,
2023-12-08 10:36:14.308516,tf,NFO,39169,213.70,-36.52,1702011974,15778095,214.00,285,150,213.70,267.28,,,
2023-12-08 10:36:14.752845,tf,NFO,39169,215.80,-35.90,1702011974,,,,,,,,,
2023-12-08 10:36:15.313129,tf,NFO,39169,215.35,-36.03,1702011975,15778950,215.80,45,870,215.40,,,,
2023-12-08 10:36:15.753510,tf,NFO,39169,215.40,-36.02,1702011975,,,,,,,,,
2023-12-08 10:36:16.519127,tf,NFO,39169,215.20,-36.08,1702011976,15779910,215.55,15,360,215.15,,,,
2023-12-08 10:36:16.753668,tf,NFO,39169,215.65,-35.94,1702011976,,,,,,,,,
2023-12-08 10:36:17.713227,tf,NFO,39169,215.40,-36.02,1702011977,15781020,215.85,45,180,215.45,267.27,,,
2023-12-08 10:36:18.314074,tf,NFO,39169,215.65,-35.94,1702011978,15782190,215.75,105,315,215.35,,,,
2023-12-08 10:36:18.754184,tf,NFO,39169,215.35,-36.03,1702011978,,,,,,,,,
2023-12-08 10:36:19.755105,tf,NFO,39169,215.45,-36.00,1702011979,,,,,,,,,
2023-12-08 10:36:20.321440,tf,NFO,39169,215.50,-35.99,1702011980,15783375,215.85,,75,215.60,,,,
2023-12-08 10:36:20.756586,tf,NFO,39169,215.30,-36.05,1702011980,,,,,,,,,
2023-12-08 10:36:21.518823,tf,NFO,39169,215.35,-36.03,1702011981,15783660,215.45,15,,215.20,,,,
2023-12-08 10:36:21.757080,tf,NFO,39169,214.70,-36.22,1702011981,,,,,,,,,
2023-12-08 10:36:22.524750,tf,NFO,39169,215.85,-35.88,1702011982,15785205,215.85,90,,215.45,267.26,,,
2023-12-08 10:36:22.758134,tf,NFO,39169,217.15,-35.50,1702011982,,,,,,,,,
2023-12-08 10:36:23.727805,tf,NFO,39169,217.45,-35.41,1702011983,15787425,217.50,60,30,217.10,267.25,,,
2023-12-08 10:36:24.324456,tf,NFO,39169,217.10,-35.51,1702011984,15789150,216.95,135,135,216.55,,,,
2023-12-08 10:36:24.760289,tf,NFO,39169,217.80,-35.30,1702011984,,,,,,,,,
2023-12-08 10:36:25.524959,tf,NFO,39169,218.60,-35.07,1702011985,15793650,218.60,,165,218.15,267.23,,,
2023-12-08 10:36:26.325957,tf,NFO,39169,218.55,-35.08,1702011986,15795240,218.40,30,30,218.00,,,,
2023-12-08 10:36:26.761848,tf,NFO,39169,218.25,-35.17,1702011986,,,,,,,,,
2023-12-08 10:36:27.331449,tf,NFO,39169,219.30,-34.86,1702011987,15800490,219.00,75,15,218.65,267.21,,,
2023-12-08 10:36:27.762755,tf,NFO,39169,217.40,-35.42,1702011987,,,,,,,,,
2023-12-08 10:36:28.530894,tf,NFO,39169,217.05,-35.53,1702011988,15802275,217.40,300,60,217.00,,,,
2023-12-08 10:36:28.763321,tf,NFO,39169,216.75,-35.62,1702011988,,,,,,,,,
2023-12-08 10:36:29.730690,tf,NFO,39169,217.60,-35.36,1702011989,15803010,217.70,30,375,217.30,267.20,,,
2023-12-08 10:36:30.331448,tf,NFO,39169,217.70,-35.33,1702011990,15804420,217.30,15,240,217.00,,,,
2023-12-08 10:36:30.764914,tf,NFO,39169,218.35,-35.14,1702011990,,,,,,,,,
2023-12-08 10:36:31.335666,tf,NFO,39169,217.80,-35.30,1702011991,15806865,218.40,30,285,218.00,267.19,,,
2023-12-08 10:36:31.765806,tf,NFO,39169,218.00,-35.24,1702011991,,,,,,,,,
2023-12-08 10:36:32.535320,tf,NFO,39169,217.80,-35.30,1702011992,15808515,218.00,285,120,217.60,,,,
2023-12-08 10:36:32.766703,tf,NFO,39169,218.45,-35.11,1702011992,,,,,,,,,
2023-12-08 10:36:33.735965,tf,NFO,39169,217.65,-35.35,1702011993,15809850,217.55,60,60,217.10,267.18,,,
2023-12-08 10:36:33.767117,tf,NFO,39169,217.05,-35.53,1702011993,,,,,,,,,
2023-12-08 10:36:34.337291,tf,NFO,39169,216.80,-35.60,1702011994,15811635,216.80,270,15,216.40,,,,
2023-12-08 10:36:34.768685,tf,NFO,39169,216.20,-35.78,1702011994,,,,,,,,,
2023-12-08 10:36:35.343339,tf,NFO,39169,215.95,-35.85,1702011995,15811935,216.60,75,30,216.25,,,,
2023-12-08 10:36:35.769094,tf,NFO,39169,216.40,-35.72,1702011995,,,,,,,,,
2023-12-08 10:36:36.543170,tf,NFO,39169,217.00,-35.54,1702011996,15812745,217.35,45,90,217.10,267.17,,,
2023-12-08 10:36:36.770112,tf,NFO,39169,217.40,-35.42,1702011996,,,,,,,,,
2023-12-08 10:36:37.746310,tf,NFO,39169,216.75,-35.62,1702011997,15813930,216.75,15,60,216.35,,,,
2023-12-08 10:36:38.748099,tf,NFO,39169,216.65,-35.65,1702011998,15814770,216.05,45,90,215.70,,,,
2023-12-08 10:36:38.770648,tf,NFO,39169,216.00,-35.84,1702011998,,,,,,,,,
2023-12-08 10:36:39.750501,tf,NFO,39169,215.90,-35.87,1702011999,15815190,215.90,,405,215.45,,,,
2023-12-08 10:36:40.348618,tf,NFO,39169,214.15,-36.39,1702012000,15816915,214.20,585,15,214.00,267.16,,,
2023-12-08 10:36:40.772656,tf,NFO,39169,213.85,-36.48,1702012000,,,,,,,,,
2023-12-08 10:36:41.550725,tf,NFO,39169,214.60,-36.25,1702012001,15818190,214.95,645,135,214.50,,,,
2023-12-08 10:36:41.772914,tf,NFO,39169,215.00,-36.14,1702012001,,,,,,,,,
2023-12-08 10:36:42.550964,tf,NFO,39169,214.70,-36.22,1702012002,15820740,215.25,135,360,214.80,267.15,,,
2023-12-08 10:36:42.773416,tf,NFO,39169,215.15,-36.09,1702012002,,,,,,,,,
2023-12-08 10:36:43.752067,tf,NFO,39169,214.85,-36.18,1702012003,15822975,214.75,195,255,214.35,267.14,,,
2023-12-08 10:36:44.352567,tf,NFO,39169,214.55,-36.27,1702012004,15823185,214.95,60,30,214.60,,,,
2023-12-08 10:36:44.774736,tf,NFO,39169,215.50,-35.99,1702012004,,,,,,,,,
2023-12-08 10:36:45.551994,tf,NFO,39169,214.75,-36.21,1702012005,15823920,215.25,75,15,214.90,,,,
2023-12-08 10:36:45.775544,tf,NFO,39169,215.40,-36.02,1702012005,,,,,,,,,
2023-12-08 10:36:46.558728,tf,NFO,39169,214.85,-36.18,1702012006,15825165,214.85,15,240,214.45,267.13,,,
2023-12-08 10:36:46.775641,tf,NFO,39169,214.25,-36.36,1702012006,,,,,,,,,
2023-12-08 10:36:47.776659,tf,NFO,39169,215.50,-35.99,1702012007,,,,,,,,,
2023-12-08 10:36:47.955817,tf,NFO,39169,215.30,-36.05,1702012007,15826125,215.50,,45,215.15,,,,
2023-12-08 10:36:48.356499,tf,NFO,39169,215.45,-36.00,1702012008,15826635,215.60,90,105,215.35,,,,
2023-12-08 10:36:48.777163,tf,NFO,39169,215.60,-35.96,1702012008,,,,,,,,,
2023-12-08 10:36:49.358494,tf,NFO,39169,215.70,-35.93,1702012009,15826785,215.65,30,150,215.25,,,,
2023-12-08 10:36:49.777941,tf,NFO,39169,215.95,-35.85,1702012009,,,,,,,,,
2023-12-08 10:36:50.365842,tf,NFO,39169,215.70,-35.93,1702012010,15828540,216.10,255,540,215.70,267.12,,,
2023-12-08 10:36:50.777789,tf,NFO,39169,216.25,-35.76,1702012010,,,,,,,,,
2023-12-08 10:36:51.365530,tf,NFO,39169,216.45,-35.70,1702012011,15828990,216.45,45,90,216.15,,,,
2023-12-08 10:36:51.778392,tf,NFO,39169,216.60,-35.66,1702012011,,,,,,,,,
2023-12-08 10:36:52.565220,tf,NFO,39169,216.30,-35.75,1702012012,15831555,216.55,330,135,216.20,267.11,,,
2023-12-08 10:36:52.778170,tf,NFO,39169,216.20,-35.78,1702012012,,,,,,,,,
2023-12-08 10:36:53.765096,tf,NFO,39169,215.65,-35.94,1702012013,15832995,215.55,15,480,215.20,,,,
2023-12-08 10:36:54.370557,tf,NFO,39169,216.05,-35.82,1702012014,15833205,216.35,,75,216.10,,,,
2023-12-08 10:36:54.779137,tf,NFO,39169,216.65,-35.65,1702012014,,,,,,,,,
2023-12-08 10:36:55.371194,tf,NFO,39169,217.25,-35.47,1702012015,15834885,217.45,180,45,217.10,267.10,,,
2023-12-08 10:36:55.780040,tf,NFO,39169,217.60,-35.36,1702012015,,,,,,,,,
2023-12-08 10:36:56.570474,tf,NFO,39169,216.80,-35.60,1702012016,15836595,216.80,45,75,216.45,,,,
2023-12-08 10:36:56.780351,tf,NFO,39169,216.45,-35.70,1702012016,,,,,,,,,
2023-12-08 10:36:57.574570,tf,NFO,39169,215.60,-35.96,1702012017,15837630,216.00,255,30,215.60,267.09,,,
2023-12-08 10:36:57.780650,tf,NFO,39169,216.05,-35.82,1702012017,,,,,,,,,
2023-12-08 10:36:59.378910,tf,NFO,39169,216.50,-35.69,1702012019,15838980,216.55,90,60,216.20,,,,
2023-12-08 10:36:59.783163,tf,NFO,39169,215.85,-35.88,1702012019,,,,,,,,,
2023-12-08 10:37:00.573512,tf,NFO,39169,216.35,-35.73,1702012020,15840030,216.75,30,150,216.35,,,,
2023-12-08 10:37:01.579560,tf,NFO,39169,216.15,-35.79,1702012021,15840180,216.25,210,75,215.80,267.08,,,
2023-12-08 10:37:02.778268,tf,NFO,39169,216.00,-35.84,1702012022,15840405,216.00,60,120,215.75,,,,
2023-12-08 10:37:03.389277,tf,NFO,39169,215.90,-35.87,1702012023,15840615,215.95,120,390,215.55,,,,
2023-12-08 10:37:03.786195,tf,NFO,39169,214.15,-36.39,1702012023,,,,,,,,,
2023-12-08 10:37:04.380576,tf,NFO,39169,213.85,-36.48,1702012024,15844470,213.85,45,45,213.50,267.07,,,
2023-12-08 10:37:04.787029,tf,NFO,39169,213.80,-36.49,1702012024,,,,,,,,,
2023-12-08 10:37:05.580448,tf,NFO,39169,213.85,-36.48,1702012025,15845115,213.90,75,60,213.55,,,,
2023-12-08 10:37:05.787764,tf,NFO,39169,213.40,-36.61,1702012025,,,,,,,,,
2023-12-08 10:37:06.383105,tf,NFO,39169,213.00,-36.73,1702012026,15845955,213.40,600,120,213.00,,,,
2023-12-08 10:37:06.788462,tf,NFO,39169,212.90,-36.76,1702012026,,,,,,,,,
2023-12-08 10:37:07.384524,tf,NFO,39169,212.10,-37.00,1702012027,15846660,212.45,15,75,212.10,267.06,,,
2023-12-08 10:37:07.788845,tf,NFO,39169,212.60,-36.85,1702012027,,,,,,,,,
2023-12-08 10:37:08.586337,tf,NFO,39169,211.70,-37.12,1702012028,15847830,211.95,30,15,211.60,,,,
2023-12-08 10:37:08.790002,tf,NFO,39169,210.75,-37.40,1702012028,,,,,,,,,
2023-12-08 10:37:09.587364,tf,NFO,39169,210.40,-37.50,1702012029,15850440,210.45,15,45,210.30,267.05,,,
2023-12-08 10:37:09.792336,tf,NFO,39169,210.75,-37.40,1702012029,,,,,,,,,
2023-12-08 10:37:10.390703,tf,NFO,39169,208.80,-37.98,1702012030,15857835,209.00,60,480,208.60,267.02,,,
2023-12-08 10:37:10.791313,tf,NFO,39169,208.30,-38.13,1702012030,,,,,,,,,
2023-12-08 10:37:11.792199,tf,NFO,39169,208.45,-38.08,1702012031,,,,,,,,,
2023-12-08 10:37:12.593970,tf,NFO,39169,207.80,-38.27,1702012032,15865665,208.40,135,135,208.00,266.99,,,
2023-12-08 10:37:12.793413,tf,NFO,39169,208.05,-38.20,1702012032,,,,,,,,,
2023-12-08 10:37:13.596655,tf,NFO,39169,208.80,-37.98,1702012033,15868380,208.55,75,105,208.25,266.98,,,
2023-12-08 10:37:13.793952,tf,NFO,39169,208.75,-37.99,1702012033,,,,,,,,,
2023-12-08 10:37:14.596354,tf,NFO,39169,209.70,-37.71,1702012034,15870465,209.95,645,540,209.50,,,,
2023-12-08 10:37:14.794725,tf,NFO,39169,209.90,-37.65,1702012034,,,,,,,,,
2023-12-08 10:37:15.795619,tf,NFO,39169,210.60,-37.44,1702012035,,,,,,,,,
2023-12-08 10:37:16.796304,tf,NFO,39169,209.10,-37.89,1702012036,,,,,,,,,
2023-12-08 10:37:17.399716,tf,NFO,39169,208.45,-38.08,1702012037,15874500,208.45,270,90,208.00,,,,
2023-12-08 10:37:17.796692,tf,NFO,39169,208.50,-38.07,1702012037,,,,,,,,,
2023-12-08 10:37:18.401797,tf,NFO,39169,207.55,-38.35,1702012038,15876255,207.60,15,,207.40,,,,
2023-12-08 10:37:18.797272,tf,NFO,39169,206.90,-38.54,1702012038,,,,,,,,,
2023-12-08 10:37:19.403554,tf,NFO,39169,208.30,-38.13,1702012039,15877215,208.45,90,75,208.10,266.95,,,
2023-12-08 10:37:19.797765,tf,NFO,39169,207.70,-38.30,1702012039,,,,,,,,,
2023-12-08 10:37:20.406041,tf,NFO,39169,205.75,-38.88,1702012040,15881385,205.90,60,,205.75,266.94,,,
2023-12-08 10:37:20.798528,tf,NFO,39169,206.20,-38.75,1702012040,,,,,,,,,
2023-12-08 10:37:21.605423,tf,NFO,39169,205.50,-38.96,1702012041,15884085,205.60,735,30,205.20,266.93,,,
2023-12-08 10:37:21.799089,tf,NFO,39169,205.45,-38.97,1702012041,,,,,,,,,
2023-12-08 10:37:22.612614,tf,NFO,39169,207.95,-38.23,1702012042,15885840,207.80,30,90,207.50,266.92,,,
2023-12-08 10:37:23.799970,tf,NFO,39169,208.20,-38.16,1702012043,,,,,,,,,
2023-12-08 10:37:23.812547,tf,NFO,39169,208.25,-38.14,1702012043,15887520,208.35,45,270,208.00,266.91,,,
2023-12-08 10:37:24.413704,tf,NFO,39169,208.35,-38.11,1702012044,15888810,208.20,75,15,207.80,,,,
2023-12-08 10:37:24.800262,tf,NFO,39169,208.60,-38.04,1702012044,,,,,,,,,
2023-12-08 10:37:25.613256,tf,NFO,39169,208.50,-38.07,1702012045,15890370,208.50,45,45,208.10,266.90,,,
2023-12-08 10:37:25.806147,tf,NFO,39169,208.65,-38.02,1702012045,,,,,,,,,
2023-12-08 10:37:26.801545,tf,NFO,39169,209.65,-37.72,1702012046,,,,,,,,,
2023-12-08 10:37:26.814049,tf,NFO,39169,209.40,-37.80,1702012046,15892395,209.70,210,,209.30,266.89,,,
2023-12-08 10:37:27.415091,tf,NFO,39169,209.90,-37.65,1702012047,15892785,209.90,75,,209.55,,,,
2023-12-08 10:37:27.801841,tf,NFO,39169,209.95,-37.64,1702012047,,,,,,,,,
2023-12-08 10:37:28.417571,tf,NFO,39169,209.50,-37.77,1702012048,15894375,209.95,45,660,,,,,
2023-12-08 10:37:28.802602,tf,NFO,39169,210.40,-37.50,1702012048,,,,,,,,,
2023-12-08 10:37:29.802787,tf,NFO,39169,209.70,-37.71,1702012049,,,,,,,,,
2023-12-08 10:37:30.424165,tf,NFO,39169,208.45,-38.08,1702012050,15898560,208.80,30,75,208.40,266.87,,,
2023-12-08 10:37:30.803494,tf,NFO,39169,208.75,-37.99,1702012050,,,,,,,,,
2023-12-08 10:37:31.624705,tf,NFO,39169,209.10,-37.89,1702012051,15899415,209.25,75,405,208.85,,,,
2023-12-08 10:37:32.804149,tf,NFO,39169,206.80,-38.57,1702012052,,,,,,,,,
2023-12-08 10:37:33.424282,tf,NFO,39169,206.50,-38.66,1702012053,15901005,207.25,75,195,206.90,,,,
2023-12-08 10:37:33.804870,tf,NFO,39169,207.25,-38.44,1702012053,,,,,,,,,
2023-12-08 10:37:34.430266,tf,NFO,39169,208.35,-38.11,1702012054,15901965,208.35,135,60,207.95,,,,
2023-12-08 10:37:34.804839,tf,NFO,39169,208.95,-37.93,1702012054,,,,,,,,,
2023-12-08 10:37:35.632513,tf,NFO,39169,208.65,-38.02,1702012055,15902430,208.95,390,225,208.50,,,,
2023-12-08 10:37:35.805900,tf,NFO,39169,208.95,-37.93,1702012055,,,,,,,,,
2023-12-08 10:37:36.633133,tf,NFO,39169,208.10,-38.19,1702012056,15903345,208.10,150,90,207.70,266.85,,,
2023-12-08 10:37:36.805799,tf,NFO,39169,207.85,-38.26,1702012056,,,,,,,,,
2023-12-08 10:37:37.805673,tf,NFO,39169,208.15,-38.17,1702012057,,,,,,,,,
2023-12-08 10:37:37.834533,tf,NFO,39169,207.55,-38.35,1702012057,15904815,208.00,30,450,207.60,,,,
2023-12-08 10:37:38.436007,tf,NFO,39169,207.30,-38.42,1702012058,15904905,207.45,600,300,207.25,,,,
2023-12-08 10:37:38.806819,tf,NFO,39169,208.35,-38.11,1702012058,,,,,,,,,
2023-12-08 10:37:39.437119,tf,NFO,39169,207.95,-38.23,1702012059,15905460,208.10,255,45,207.75,,,,
2023-12-08 10:37:39.807729,tf,NFO,39169,209.55,-37.75,1702012059,,,,,,,,,
2023-12-08 10:37:40.437270,tf,NFO,39169,209.35,-37.81,1702012060,15906315,209.55,60,330,209.20,266.84,,,
2023-12-08 10:37:40.808465,tf,NFO,39169,209.60,-37.74,1702012060,,,,,,,,,
2023-12-08 10:37:41.809513,tf,NFO,39169,209.50,-37.77,1702012061,,,,,,,,,
2023-12-08 10:37:42.809811,tf,NFO,39169,209.70,-37.71,1702012062,,,,,,,,,
2023-12-08 10:37:42.839009,tf,NFO,39169,209.85,-37.67,1702012062,15907305,209.85,15,405,209.65,,,,
2023-12-08 10:37:43.439861,tf,NFO,39169,210.00,-37.62,1702012063,15908655,210.15,,45,209.95,,,,
2023-12-08 10:37:44.642451,tf,NFO,39169,210.50,-37.47,1702012064,15909780,210.60,45,825,210.30,266.83,,,
2023-12-08 10:37:44.812238,tf,NFO,39169,210.60,-37.44,1702012064,,,,,,,,,
2023-12-08 10:37:45.643178,tf,NFO,39169,210.55,-37.46,1702012065,15910815,210.55,15,150,210.25,,,,
2023-12-08 10:37:45.812506,tf,NFO,39169,210.15,-37.58,1702012065,,,,,,,,,
2023-12-08 10:37:46.445238,tf,NFO,39169,209.75,-37.69,1702012066,15912030,210.40,30,450,210.05,266.82,,,
2023-12-08 10:37:46.813795,tf,NFO,39169,210.35,-37.52,1702012066,,,,,,,,,
2023-12-08 10:37:47.447361,tf,NFO,39169,210.50,-37.47,1702012067,15912180,210.35,60,15,210.15,,,,
2023-12-08 10:37:47.814094,tf,NFO,39169,210.30,-37.53,1702012067,,,,,,,,,
2023-12-08 10:37:48.448854,tf,NFO,39169,211.10,-37.29,1702012068,15912675,211.25,165,60,210.80,,,,
2023-12-08 10:37:48.815502,tf,NFO,39169,211.15,-37.28,1702012068,,,,,,,,,
2023-12-08 10:37:49.452697,tf,NFO,39169,211.55,-37.16,1702012069,15913665,211.85,45,75,211.45,,,,
2023-12-08 10:37:50.454240,tf,NFO,39169,211.70,-37.12,1702012070,15915660,211.70,15,15,211.50,266.81,,,
2023-12-08 10:37:50.816141,tf,NFO,39169,211.30,-37.23,1702012070,,,,,,,,,
2023-12-08 10:37:51.454394,tf,NFO,39169,210.95,-37.34,1702012071,15916110,211.35,120,240,211.00,,,,
2023-12-08 10:37:51.816413,tf,NFO,39169,211.00,-37.32,1702012071,,,,,,,,,
2023-12-08 10:37:52.456273,tf,NFO,39169,210.90,-37.35,1702012072,15917115,211.50,15,600,211.20,,,,
2023-12-08 10:37:52.817758,tf,NFO,39169,211.05,-37.31,1702012072,,,,,,,,,
2023-12-08 10:37:53.457804,tf,NFO,39169,211.00,-37.32,1702012073,15919860,211.20,30,570,210.80,266.80,,,
2023-12-08 10:37:53.818313,tf,NFO,39169,210.70,-37.41,1702012073,,,,,,,,,
2023-12-08 10:37:54.458815,tf,NFO,39169,211.50,-37.18,1702012074,15920325,211.60,15,75,211.45,266.79,,,
2023-12-08 10:37:54.818821,tf,NFO,39169,212.90,-36.76,1702012074,,,,,,,,,
2023-12-08 10:37:55.508969,tf,NFO,39169,212.60,-36.85,1702012075,15923190,212.90,75,15,212.50,266.78,,,
2023-12-08 10:37:55.819617,tf,NFO,39169,212.95,-36.74,1702012075,,,,,,,,,
2023-12-08 10:37:56.463216,tf,NFO,39169,214.00,-36.43,1702012076,15924240,213.90,45,45,213.55,,,,
2023-12-08 10:37:56.820973,tf,NFO,39169,213.45,-36.60,1702012076,,,,,,,,,
2023-12-08 10:37:57.820529,tf,NFO,39169,213.50,-36.58,1702012077,,,,,,,,,
2023-12-08 10:37:58.465639,tf,NFO,39169,214.50,-36.28,1702012078,15927810,214.50,30,105,214.10,266.77,,,
2023-12-08 10:37:58.821681,tf,NFO,39169,214.00,-36.43,1702012078,,,,,,,,,
2023-12-08 10:37:59.467011,tf,NFO,39169,214.25,-36.36,1702012079,15929070,214.70,120,465,214.30,266.76,,,
2023-12-08 10:37:59.822875,tf,NFO,39169,214.20,-36.37,1702012079,,,,,,,,,
2023-12-08 10:38:00.469435,tf,NFO,39169,213.70,-36.52,1702012080,15930900,214.30,15,60,214.05,,,,
2023-12-08 10:38:00.823390,tf,NFO,39169,213.85,-36.48,1702012080,,,,,,,,,
2023-12-08 10:38:01.670086,tf,NFO,39169,213.80,-36.49,1702012081,15933405,213.95,45,75,213.75,266.75,,,
2023-12-08 10:38:01.823919,tf,NFO,39169,213.75,-36.51,1702012081,,,,,,,,,
2023-12-08 10:38:02.824760,tf,NFO,39169,213.85,-36.48,1702012082,,,,,,,,,
2023-12-08 10:38:03.824515,tf,NFO,39169,214.40,-36.31,1702012083,,,,,,,,,
2023-12-08 10:38:04.825800,tf,NFO,39169,215.00,-36.14,1702012084,,,,,,,,,
2023-12-08 10:38:05.476138,tf,NFO,39169,215.65,-35.94,1702012085,15939255,215.95,45,225,215.50,266.73,,,
2023-12-08 10:38:05.826531,tf,NFO,39169,215.35,-36.03,1702012085,,,,,,,,,
2023-12-08 10:38:06.482413,tf,NFO,39169,215.65,-35.94,1702012086,15941910,215.75,555,180,215.30,266.72,,,
2023-12-08 10:38:06.827408,tf,NFO,39169,215.80,-35.90,1702012086,,,,,,,,,
2023-12-08 10:38:07.682360,tf,NFO,39169,216.45,-35.70,1702012087,15943320,216.30,15,60,215.85,,,,
2023-12-08 10:38:08.481294,tf,NFO,39169,216.85,-35.59,1702012088,15944625,217.00,315,270,216.60,266.71,,,
2023-12-08 10:38:08.827576,tf,NFO,39169,216.90,-35.57,1702012088,,,,,,,,,
2023-12-08 10:38:09.486178,tf,NFO,39169,217.15,-35.50,1702012089,15946740,217.15,30,105,216.75,,,,
2023-12-08 10:38:09.827829,tf,NFO,39169,216.20,-35.78,1702012089,,,,,,,,,
2023-12-08 10:38:10.484274,tf,NFO,39169,216.80,-35.60,1702012090,15947640,216.80,45,60,216.40,266.70,,,
2023-12-08 10:38:10.828483,tf,NFO,39169,216.75,-35.62,1702012090,,,,,,,,,
2023-12-08 10:38:11.685151,tf,NFO,39169,215.80,-35.90,1702012091,15949500,216.10,15,75,215.70,,,,
2023-12-08 10:38:11.829636,tf,NFO,39169,215.55,-35.97,1702012091,,,,,,,,,
2023-12-08 10:38:12.829640,tf,NFO,39169,215.85,-35.88,1702012092,,,,,,,,,
2023-12-08 10:38:12.887124,tf,NFO,39169,215.60,-35.96,1702012092,15951315,216.25,405,330,215.80,266.69,,,
2023-12-08 10:38:13.829495,tf,NFO,39169,214.85,-36.18,1702012093,,,,,,,,,
2023-12-08 10:38:13.887675,tf,NFO,39169,215.05,-36.12,1702012093,15953490,215.45,15,225,215.10,,,,
2023-12-08 10:38:14.490483,tf,NFO,39169,215.30,-36.05,1702012094,15953850,215.25,,315,214.90,,,,
2023-12-08 10:38:14.830733,tf,NFO,39169,215.90,-35.87,1702012094,,,,,,,,,
2023-12-08 10:38:15.690156,tf,NFO,39169,215.45,-36.00,1702012095,15955770,215.90,120,45,215.55,266.68,,,
2023-12-08 10:38:16.492627,tf,NFO,39169,215.80,-35.90,1702012096,15955950,216.25,105,15,215.90,,,,
2023-12-08 10:38:16.830876,tf,NFO,39169,216.90,-35.57,1702012096,,,,,,,,,
2023-12-08 10:38:17.492513,tf,NFO,39169,216.00,-35.84,1702012097,15958530,,525,240,216.00,266.67,,,
2023-12-08 10:38:17.831556,tf,NFO,39169,216.50,-35.69,1702012097,,,,,,,,,
2023-12-08 10:38:18.694092,tf,NFO,39169,217.30,-35.45,1702012098,15959925,217.15,30,60,216.80,,,,
2023-12-08 10:38:18.831970,tf,NFO,39169,216.95,-35.56,1702012098,,,,,,,,,
2023-12-08 10:38:19.495516,tf,NFO,39169,216.30,-35.75,1702012099,15961590,216.35,45,45,216.00,266.66,,,
2023-12-08 10:38:19.832838,tf,NFO,39169,215.45,-36.00,1702012099,,,,,,,,,
2023-12-08 10:38:20.496848,tf,NFO,39169,214.60,-36.25,1702012100,15963105,214.95,15,30,214.65,,,,
2023-12-08 10:38:20.834068,tf,NFO,39169,214.95,-36.15,1702012100,,,,,,,,,
2023-12-08 10:38:21.698168,tf,NFO,39169,215.35,-36.03,1702012101,15964140,215.55,360,165,215.10,266.65,,,
2023-12-08 10:38:21.835033,tf,NFO,39169,215.00,-36.14,1702012101,,,,,,,,,
2023-12-08 10:38:22.500952,tf,NFO,39169,215.75,-35.91,1702012102,15964800,216.15,105,210,215.75,,,,
2023-12-08 10:38:22.835868,tf,NFO,39169,216.15,-35.79,1702012102,,,,,,,,,
2023-12-08 10:38:23.501353,tf,NFO,39169,216.60,-35.66,1702012103,15965010,216.55,75,285,216.15,,,,
2023-12-08 10:38:23.837107,tf,NFO,39169,215.25,-36.06,1702012103,,,,,,,,,
2023-12-08 10:38:24.506880,tf,NFO,39169,215.70,-35.93,1702012104,15965535,215.75,30,315,215.35,,,,
2023-12-08 10:38:24.837712,tf,NFO,39169,215.95,-35.85,1702012104,,,,,,,,,
2023-12-08 10:38:25.503560,tf,NFO,39169,215.85,-35.88,1702012105,15966705,216.05,,90,215.70,266.64,,,
2023-12-08 10:38:25.837862,tf,NFO,39169,216.20,-35.78,1702012105,,,,,,,,,
2023-12-08 10:38:26.508718,tf,NFO,39169,216.00,-35.84,1702012106,15967080,,15,495,215.80,,,,
2023-12-08 10:38:26.839115,tf,NFO,39169,216.10,-35.81,1702012106,,,,,,,,,
2023-12-08 10:38:27.712752,tf,NFO,39169,214.40,-36.31,1702012107,15968985,214.90,30,60,214.50,,,,
2023-12-08 10:38:28.840769,tf,NFO,39169,214.95,-36.15,1702012108,,,,,,,,,
2023-12-08 10:38:29.507985,tf,NFO,39169,214.50,-36.28,1702012109,15970350,214.45,75,45,214.25,,,,
2023-12-08 10:38:29.841209,tf,NFO,39169,214.45,-36.30,1702012109,,,,,,,,,
2023-12-08 10:38:30.513760,tf,NFO,39169,214.65,-36.24,1702012110,15970605,214.80,15,390,214.45,,,,
2023-12-08 10:38:30.841943,tf,NFO,39169,214.55,-36.27,1702012110,,,,,,,,,
2023-12-08 10:38:31.715329,tf,NFO,39169,214.50,-36.28,1702012111,15971235,214.60,,840,214.35,,,,
2023-12-08 10:38:31.842994,tf,NFO,39169,214.40,-36.31,1702012111,,,,,,,,,
2023-12-08 10:38:32.843985,tf,NFO,39169,214.55,-36.27,1702012112,,,,,,,1802610,,
2023-12-08 10:38:33.718128,tf,NFO,39169,215.65,-35.94,1702012113,15972960,215.95,75,60,215.60,266.62,,,
2023-12-08 10:38:34.844640,tf,NFO,39169,214.95,-36.15,1702012114,,,,,,,,,
2023-12-08 10:38:35.516952,tf,NFO,39169,215.20,-36.08,1702012115,15973185,215.30,15,465,214.90,,,,
2023-12-08 10:38:35.845561,tf,NFO,39169,215.55,-35.97,1702012115,,,,,,,,,
2023-12-08 10:38:36.523012,tf,NFO,39169,216.90,-35.57,1702012116,15974805,216.70,,165,216.40,,,,
2023-12-08 10:38:36.845390,tf,NFO,39169,216.85,-35.59,1702012116,,,,,,,,,
2023-12-08 10:38:37.722552,tf,NFO,39169,216.60,-35.66,1702012117,15975135,217.00,105,675,216.65,,,,
2023-12-08 10:38:38.846727,tf,NFO,39169,217.45,-35.41,1702012118,,,,,,,,,
2023-12-08 10:38:38.922819,tf,NFO,39169,217.50,-35.39,1702012118,15977295,217.50,75,630,217.15,266.61,,,
2023-12-08 10:38:39.523789,tf,NFO,39169,218.10,-35.21,1702012119,15980235,218.20,90,30,217.85,266.60,,,
2023-12-08 10:38:39.849386,tf,NFO,39169,218.05,-35.23,1702012119,,,,,,,,,
2023-12-08 10:38:40.524263,tf,NFO,39169,217.95,-35.26,1702012120,15981135,218.30,15,,217.95,,,,
