timestamp,t,e,tk,lp,pc,ft,ap,v,bp1,sp1,bq1,sq1,oi,h,_id
2023-09-27 09:21:37.722330,tf,NFO,59202,236.05,53.63,1695786697,,,,,,,,,
2023-09-27 09:21:38.509034,tf,NFO,59202,235.90,53.53,1695786698,,,,,,,,,
2023-09-27 09:21:39.005983,tf,NFO,59202,237.00,54.25,1695786698,228.19,4176735,236.65,237.00,315,165,,,
2023-09-27 09:21:39.408561,tf,NFO,59202,237.50,54.57,1695786699,228.20,4179870,237.15,237.55,60,150,,,
2023-09-27 09:21:39.509055,tf,NFO,59202,237.55,54.60,1695786699,,,,,,,,,
2023-09-27 09:21:40.411979,tf,NFO,59202,238.25,55.06,1695786700,,4182750,237.80,238.15,15,30,,,
2023-09-27 09:21:40.509723,tf,NFO,59202,237.95,54.86,1695786700,,,,,,,,,
2023-09-27 09:21:41.509577,tf,NFO,59202,238.10,54.96,1695786701,,,,,,,,,
2023-09-27 09:21:41.613886,tf,NFO,59202,238.50,55.22,1695786701,228.22,4190205,238.20,238.50,30,2430,,,
2023-09-27 09:21:42.510155,tf,NFO,59202,238.40,55.16,1695786702,,,,,,,,,
2023-09-27 09:21:42.813752,tf,NFO,59202,237.20,54.38,1695786702,228.25,4204455,237.20,237.65,,15,,,
2023-09-27 09:21:43.511751,tf,NFO,59202,237.50,54.57,1695786703,,,,,,,,,
2023-09-27 09:21:44.010781,tf,NFO,59202,236.55,53.95,1695786703,228.27,4210950,236.35,236.75,45,105,,,
2023-09-27 09:21:44.417593,tf,NFO,59202,235.35,53.17,1695786704,,4211850,235.50,235.80,90,90,,,
2023-09-27 09:21:44.514127,tf,NFO,59202,235.75,53.43,1695786704,,,,,,,,,
2023-09-27 09:21:45.764976,tf,NFO,59202,237.40,54.51,1695786705,228.29,4222395,236.85,237.05,45,75,,,
2023-09-27 09:21:45.766292,tf,NFO,59202,236.85,54.15,1695786705,,,,,,,,,
2023-09-27 09:21:46.512958,tf,NFO,59202,237.45,54.54,1695786706,,,,,,,,,
2023-09-27 09:21:46.620115,tf,NFO,59202,237.55,54.60,1695786706,228.31,4231395,237.20,237.35,60,,,,
2023-09-27 09:21:47.515687,tf,NFO,59202,237.90,54.83,1695786707,,,,,,,,,
2023-09-27 09:21:47.624154,tf,NFO,59202,237.10,54.31,1695786707,228.32,4235850,236.80,237.25,15,135,,,
2023-09-27 09:21:48.515987,tf,NFO,59202,238.00,54.90,1695786708,,,,,,,,,
2023-09-27 09:21:48.825549,tf,NFO,59202,237.95,54.86,1695786708,228.33,4241310,237.55,237.70,30,75,,,
2023-09-27 09:21:49.516807,tf,NFO,59202,237.00,54.25,1695786709,,,,,,,,,
2023-09-27 09:21:50.026039,tf,NFO,59202,237.40,54.51,1695786709,228.35,4248180,237.45,237.75,,180,,,
2023-09-27 09:21:50.426356,tf,NFO,59202,237.55,54.60,1695786710,,4250085,237.55,,15,165,,,
2023-09-27 09:21:50.516296,tf,NFO,59202,237.75,54.73,1695786710,,,,,,,,,
2023-09-27 09:21:51.429099,tf,NFO,59202,237.10,54.31,1695786711,228.36,4254225,236.85,237.15,30,30,,,
2023-09-27 09:21:51.518103,tf,NFO,59202,237.30,54.44,1695786711,,,,,,,,,
2023-09-27 09:21:52.515402,tf,NFO,59202,237.25,54.41,1695786712,,,,,,,,,
2023-09-27 09:21:52.631115,tf,NFO,59202,237.45,54.54,1695786712,228.37,4258950,237.30,237.45,45,60,,,
2023-09-27 09:21:53.517878,tf,NFO,59202,237.00,54.25,1695786713,,,,,,,,,
2023-09-27 09:21:53.835217,tf,NFO,59202,237.35,54.47,1695786713,228.38,4263630,237.00,237.35,135,30,,,
2023-09-27 09:21:54.518121,tf,NFO,59202,235.90,53.53,1695786714,,,,,,,,,
2023-09-27 09:21:55.031167,tf,NFO,59202,236.40,53.86,1695786714,228.39,4267650,236.00,236.40,15,165,,,
2023-09-27 09:21:55.430800,tf,NFO,59202,235.70,53.40,1695786715,,4269990,235.60,235.85,,30,,,
2023-09-27 09:21:55.517076,tf,NFO,59202,236.35,53.82,1695786715,,,,,,,,,
2023-09-27 09:21:56.436882,tf,NFO,59202,237.95,54.86,1695786716,228.40,4275345,237.75,237.95,120,150,,,
2023-09-27 09:21:56.517725,tf,NFO,59202,237.65,54.67,1695786716,,,,,,,,,
2023-09-27 09:21:57.517162,tf,NFO,59202,238.50,55.22,1695786717,,,,,,,,,
2023-09-27 09:21:58.518706,tf,NFO,59202,240.00,56.20,1695786718,,,,,,,,,
2023-09-27 09:21:58.835395,tf,NFO,59202,239.50,55.87,1695786718,228.49,4310775,239.45,239.90,135,75,,,
2023-09-27 09:21:59.840620,tf,NFO,59202,238.90,55.48,1695786719,228.50,4316265,238.80,239.00,15,15,,,
2023-09-27 09:22:00.518342,tf,NFO,59202,238.40,55.16,1695786720,,,,,,,,,
2023-09-27 09:22:01.043196,tf,NFO,59202,239.00,55.55,1695786720,228.57,4343250,238.65,238.95,,,,,
2023-09-27 09:22:01.443291,tf,NFO,59202,238.70,55.35,1695786721,228.58,4346175,238.30,238.70,75,60,,,
2023-09-27 09:22:01.518910,tf,NFO,59202,238.55,55.26,1695786721,,,,,,,,,
2023-09-27 09:22:02.519198,tf,NFO,59202,237.85,54.80,1695786722,,,,,,,,,
2023-09-27 09:22:02.642651,tf,NFO,59202,237.75,54.73,1695786722,228.59,4353300,237.50,237.95,105,195,,,
2023-09-27 09:22:03.519701,tf,NFO,59202,235.95,53.56,1695786723,,,,,,,,,
2023-09-27 09:22:03.653038,tf,NFO,59202,236.80,54.12,1695786723,228.61,4361445,236.15,236.20,15,75,,,
2023-09-27 09:22:04.719446,tf,NFO,59202,238.35,55.13,1695786724,,,,,,,,,
2023-09-27 09:22:04.848297,tf,NFO,59202,238.10,54.96,1695786724,228.62,4366545,237.40,237.85,255,105,,,
2023-09-27 09:22:05.520068,tf,NFO,59202,239.80,56.07,1695786725,,,,,,,,,
2023-09-27 09:22:06.050380,tf,NFO,59202,240.95,56.82,1695786725,228.64,4374810,240.60,240.95,15,135,,,
2023-09-27 09:22:06.450030,tf,NFO,59202,240.80,56.72,1695786726,228.65,4377750,240.30,240.70,90,15,,,
2023-09-27 09:22:06.520488,tf,NFO,59202,240.75,56.69,1695786726,,,,,,,,,
2023-09-27 09:22:07.520457,tf,NFO,59202,240.70,56.65,1695786727,,,,,,,,,
2023-09-27 09:22:07.655427,tf,NFO,59202,241.30,57.05,1695786727,228.67,4384785,241.30,241.60,135,900,,,
2023-09-27 09:22:08.520422,tf,NFO,59202,239.75,56.04,1695786728,,,,,,,,,
2023-09-27 09:22:08.655361,tf,NFO,59202,239.40,55.81,1695786728,228.69,4394430,239.05,239.45,30,300,,,
2023-09-27 09:22:09.521181,tf,NFO,59202,238.45,55.19,1695786729,,,,,,,,,
2023-09-27 09:22:09.856453,tf,NFO,59202,239.70,56.00,1695786729,228.72,4407135,239.30,239.75,75,210,,,
2023-09-27 09:22:10.520954,tf,NFO,59202,239.50,55.87,1695786730,,,,,,,,,
2023-09-27 09:22:11.057452,tf,NFO,59202,240.75,56.69,1695786730,228.73,4412175,240.40,240.70,15,30,,,
2023-09-27 09:22:11.457843,tf,NFO,59202,241.25,57.01,1695786731,228.75,4416405,240.95,241.25,,15,,,
2023-09-27 09:22:11.522035,tf,NFO,59202,241.75,57.34,1695786731,,,,,,,,,
2023-09-27 09:22:12.464046,tf,NFO,59202,242.45,57.79,1695786732,228.77,4425615,242.10,242.50,30,45,,,
2023-09-27 09:22:12.522986,tf,NFO,59202,242.60,57.89,1695786732,,,,,,,,,
2023-09-27 09:22:13.522813,tf,NFO,59202,240.95,56.82,1695786733,,,,,,,,,
2023-09-27 09:22:13.667444,tf,NFO,59202,241.00,56.85,1695786733,228.82,4440330,241.10,241.50,60,330,,,
2023-09-27 09:22:14.722011,tf,NFO,59202,241.25,57.01,1695786734,,,,,,,,,
2023-09-27 09:22:14.865418,tf,NFO,59202,240.85,56.75,1695786734,228.85,4452765,240.90,241.35,345,45,,,
2023-09-27 09:22:15.523432,tf,NFO,59202,240.95,56.82,1695786735,,,,,,,,,
2023-09-27 09:22:16.065767,tf,NFO,59202,240.85,56.75,1695786735,228.87,4460550,240.80,241.05,540,15,,,
2023-09-27 09:22:16.466420,tf,NFO,59202,241.25,57.01,1695786736,228.88,4463700,240.95,241.30,15,45,,,
2023-09-27 09:22:16.524663,tf,NFO,59202,240.95,56.82,1695786736,,,,,,,,,
2023-09-27 09:22:17.471737,tf,NFO,59202,241.60,57.24,1695786737,228.90,4472355,241.10,241.50,225,30,,,
2023-09-27 09:22:17.524455,tf,NFO,59202,241.10,56.92,1695786737,,,,,,,,,
2023-09-27 09:22:18.525672,tf,NFO,59202,241.80,57.37,1695786738,,,,,,,,,
2023-09-27 09:22:18.672449,tf,NFO,59202,240.80,56.72,1695786738,228.93,4481550,241.00,241.30,30,60,,,
2023-09-27 09:22:19.525965,tf,NFO,59202,242.05,57.53,1695786739,,,,,,,,,
2023-09-27 09:22:19.871336,tf,NFO,59202,242.50,57.83,1695786739,228.95,4489980,242.00,242.45,105,75,,,
2023-09-27 09:22:20.526656,tf,NFO,59202,243.10,58.22,1695786740,,,,,,,,,
2023-09-27 09:22:21.072559,tf,NFO,59202,243.85,58.70,1695786740,228.99,4501065,243.35,243.75,30,30,,,
2023-09-27 09:22:21.473181,tf,NFO,59202,243.95,58.77,1695786741,229.00,4503150,243.45,243.85,15,,,,
2023-09-27 09:22:21.527052,tf,NFO,59202,243.65,58.57,1695786741,,,,,,,,,
2023-09-27 09:22:22.478783,tf,NFO,59202,242.40,57.76,1695786742,229.05,4518660,242.10,242.60,105,15,,,
2023-09-27 09:22:22.527326,tf,NFO,59202,242.80,58.02,1695786742,,,,,,,,,
2023-09-27 09:22:23.529663,tf,NFO,59202,241.20,56.98,1695786743,,,,,,,,,
2023-09-27 09:22:23.684530,tf,NFO,59202,240.55,56.56,1695786743,229.09,4533795,240.40,240.55,255,630,,,
2023-09-27 09:22:24.529464,tf,NFO,59202,239.75,56.04,1695786744,,,,,,,,,
2023-09-27 09:22:24.682371,tf,NFO,59202,239.70,56.00,1695786744,229.13,4550265,239.30,239.70,30,60,,,
2023-09-27 09:22:25.528864,tf,NFO,59202,239.20,55.68,1695786745,,,,,,,,,
2023-09-27 09:22:25.882201,tf,NFO,59202,239.25,55.71,1695786745,229.16,4564890,238.55,239.00,90,435,,,
2023-09-27 09:22:26.529803,tf,NFO,59202,237.15,54.34,1695786746,,,,,,,,,
2023-09-27 09:22:27.080757,tf,NFO,59202,237.30,54.44,1695786746,229.18,4575870,237.30,237.70,,30,,,
2023-09-27 09:22:27.481686,tf,NFO,59202,238.75,55.39,1695786747,229.19,4582080,238.05,238.50,30,,,,
2023-09-27 09:22:27.529972,tf,NFO,59202,238.50,55.22,1695786747,,,,,,,,,
2023-09-27 09:22:28.487608,tf,NFO,59202,239.00,55.55,1695786748,229.20,4588620,238.50,239.00,,210,,,
2023-09-27 09:22:28.730036,tf,NFO,59202,239.80,56.07,1695786748,,,,,,,,,
2023-09-27 09:22:29.530062,tf,NFO,59202,240.60,56.59,1695786749,,,,,,,,,
2023-09-27 09:22:29.693290,tf,NFO,59202,240.35,56.43,1695786749,229.23,4597680,240.35,240.70,60,45,,,
2023-09-27 09:22:30.530620,tf,NFO,59202,238.40,55.16,1695786750,,,,,,,,,
2023-09-27 09:22:30.691000,tf,NFO,59202,238.75,55.39,1695786750,229.24,4605435,238.20,238.70,30,15,,,
2023-09-27 09:22:31.531152,tf,NFO,59202,238.40,55.16,1695786751,,,,,,,,,
2023-09-27 09:22:31.889541,tf,NFO,59202,238.90,55.48,1695786751,229.26,4612305,238.40,238.90,,135,,,
2023-09-27 09:22:32.531371,tf,NFO,59202,238.70,55.35,1695786752,,,,,,,,,
2023-09-27 09:22:32.895582,tf,NFO,59202,238.20,55.03,1695786752,,4615485,238.20,238.60,60,360,,,
2023-09-27 09:22:33.731109,tf,NFO,59202,237.90,54.83,1695786753,,,,,,,,,
2023-09-27 09:22:34.097890,tf,NFO,59202,237.50,54.57,1695786753,229.28,4623045,237.10,237.60,30,240,,,
2023-09-27 09:22:34.494510,tf,NFO,59202,237.00,54.25,1695786754,,4624560,237.00,237.30,15,180,,,
2023-09-27 09:22:35.497521,tf,NFO,59202,236.35,53.82,1695786755,229.30,4636665,236.55,236.95,30,30,,,
2023-09-27 09:22:36.532235,tf,NFO,59202,237.85,54.80,1695786756,,,,,,,,,
2023-09-27 09:22:36.697070,tf,NFO,59202,236.65,54.02,1695786756,229.31,4641075,236.70,237.05,15,15,,,
2023-09-27 09:22:37.532887,tf,NFO,59202,237.45,54.54,1695786757,,,,,,,,,
2023-09-27 09:22:37.897141,tf,NFO,59202,237.60,54.64,1695786757,229.32,4646445,237.20,237.65,60,195,,,
2023-09-27 09:22:38.533464,tf,NFO,59202,237.70,54.70,1695786758,,,,,,,,,
2023-09-27 09:22:38.903417,tf,NFO,59202,236.85,54.15,1695786758,,4649550,236.35,236.70,75,375,,,
2023-09-27 09:22:39.732831,tf,NFO,59202,236.30,53.79,1695786759,,,,,,,,,
2023-09-27 09:22:40.102130,tf,NFO,59202,236.35,53.82,1695786759,229.34,4660125,235.75,236.20,15,600,,,
2023-09-27 09:22:40.502250,tf,NFO,59202,235.85,53.50,1695786760,,4662285,235.20,235.60,75,15,,,
2023-09-27 09:22:40.533272,tf,NFO,59202,235.15,53.04,1695786760,,,,,,,,,
2023-09-27 09:22:41.506443,tf,NFO,59202,235.45,53.24,1695786761,229.36,4675575,,,30,195,,,
2023-09-27 09:22:42.534286,tf,NFO,59202,235.70,53.40,1695786762,,,,,,,,,
2023-09-27 09:22:42.707093,tf,NFO,59202,235.30,53.14,1695786762,229.37,4682715,235.15,235.30,15,,,,
2023-09-27 09:22:43.534754,tf,NFO,59202,233.60,52.03,1695786763,,,,,,,,,
2023-09-27 09:22:43.906978,tf,NFO,59202,234.65,52.72,1695786763,229.39,4701810,234.40,234.65,165,180,,,
2023-09-27 09:22:44.535546,tf,NFO,59202,235.10,53.01,1695786764,,,,,,,,,
2023-09-27 09:22:44.912622,tf,NFO,59202,233.85,52.20,1695786764,,4709130,233.85,234.30,150,105,,,
2023-09-27 09:22:45.536457,tf,NFO,59202,234.05,52.33,1695786765,,,,,,,,,
2023-09-27 09:22:46.512922,tf,NFO,59202,233.70,52.10,1695786766,229.40,4716915,233.70,233.80,60,75,,,
2023-09-27 09:22:46.514367,tf,NFO,59202,233.35,51.87,1695786766,,4718055,233.00,233.35,30,120,,,
2023-09-27 09:22:46.711213,tf,NFO,59202,232.80,51.51,1695786766,,,,,,,,,
2023-09-27 09:22:47.515439,tf,NFO,59202,232.45,51.29,1695786767,229.41,4728555,232.10,232.50,,195,,,
2023-09-27 09:22:47.537640,tf,NFO,59202,232.20,51.12,1695786767,,,,,,,,,
2023-09-27 09:22:48.538792,tf,NFO,59202,231.65,50.76,1695786768,,,,,,,,,
2023-09-27 09:22:48.714393,tf,NFO,59202,231.40,50.60,1695786768,,4734600,231.40,231.80,315,15,,,
2023-09-27 09:22:49.538904,tf,NFO,59202,233.70,52.10,1695786769,,,,,,,,,
2023-09-27 09:22:49.719558,tf,NFO,59202,234.30,52.49,1695786769,229.42,4743915,234.00,234.25,15,,,,
2023-09-27 09:22:50.539237,tf,NFO,59202,235.25,53.11,1695786770,,,,,,,,,
2023-09-27 09:22:51.540627,tf,NFO,59202,235.50,53.27,1695786771,,,,,,,,,
2023-09-27 09:22:51.924571,tf,NFO,59202,234.95,52.91,1695786771,229.44,4758525,234.85,235.20,,195,,,
2023-09-27 09:22:52.540319,tf,NFO,59202,234.75,52.78,1695786772,,,,,,,,,
2023-09-27 09:22:53.123513,tf,NFO,59202,234.45,52.59,1695786773,229.45,4768755,233.95,234.45,135,390,,,
2023-09-27 09:22:53.522722,tf,NFO,59202,233.80,52.16,1695786773,,4770615,233.30,233.80,195,375,,,
2023-09-27 09:22:54.528408,tf,NFO,59202,234.90,52.88,1695786774,,4774815,234.45,234.95,60,465,,,
2023-09-27 09:22:54.540743,tf,NFO,59202,234.35,52.52,1695786774,,,,,,,,,
2023-09-27 09:22:55.542173,tf,NFO,59202,234.20,52.42,1695786775,,,,,,,,,
2023-09-27 09:22:55.726812,tf,NFO,59202,234.50,52.62,1695786775,229.46,4779705,,,30,390,,,
2023-09-27 09:22:56.542329,tf,NFO,59202,233.45,51.94,1695786776,,,,,,,,,
2023-09-27 09:22:56.731416,tf,NFO,59202,233.65,52.07,1695786776,,4783335,233.15,233.50,15,75,,,
2023-09-27 09:22:57.542889,tf,NFO,59202,233.50,51.97,1695786777,,,,,,,,,
2023-09-27 09:22:57.929032,tf,NFO,59202,233.60,52.03,1695786777,229.47,4787565,233.05,233.55,30,360,,,
2023-09-27 09:22:58.543113,tf,NFO,59202,233.40,51.90,1695786778,,,,,,,,,
2023-09-27 09:22:58.933735,tf,NFO,59202,233.60,52.03,1695786778,,4791360,233.60,233.85,180,180,,,
2023-09-27 09:22:59.543304,tf,NFO,59202,233.55,52.00,1695786779,,,,,,,,,
2023-09-27 09:23:00.132266,tf,NFO,59202,233.60,52.03,1695786780,,4796595,233.30,233.40,30,75,,,
2023-09-27 09:23:00.532162,tf,NFO,59202,234.50,52.62,1695786780,,4797705,234.10,234.55,90,15,,,
2023-09-27 09:23:01.536590,tf,NFO,59202,234.55,52.65,1695786781,229.48,4800105,234.55,234.95,330,30,,,
2023-09-27 09:23:01.544773,tf,NFO,59202,235.00,52.95,1695786781,,,,,,,,,
2023-09-27 09:23:02.538135,tf,NFO,59202,234.30,52.49,1695786782,,4804365,234.50,234.90,45,165,,,
2023-09-27 09:23:03.540357,tf,NFO,59202,233.00,51.64,1695786783,229.49,4810470,233.00,233.35,1320,30,,,
2023-09-27 09:23:04.545764,tf,NFO,59202,233.70,52.10,1695786784,,,,,,,,,
2023-09-27 09:23:04.738059,tf,NFO,59202,234.35,52.52,1695786784,,4818480,233.80,234.15,45,,,,
2023-09-27 09:23:05.545624,tf,NFO,59202,233.60,52.03,1695786785,,,,,,,,,
2023-09-27 09:23:05.742667,tf,NFO,59202,233.55,52.00,1695786785,229.50,4820265,233.50,234.00,,735,,,
2023-09-27 09:23:06.546472,tf,NFO,59202,234.45,52.59,1695786786,,,,,,,,,
2023-09-27 09:23:06.747556,tf,NFO,59202,235.00,52.95,1695786786,,4823790,234.70,235.00,30,915,,,
2023-09-27 09:23:07.546680,tf,NFO,59202,233.90,52.23,1695786787,,,,,,,,,
2023-09-27 09:23:07.945745,tf,NFO,59202,234.15,52.39,1695786787,,4827240,233.80,234.00,15,30,,,
2023-09-27 09:23:08.546966,tf,NFO,59202,235.40,53.21,1695786788,,,,,,,,,
2023-09-27 09:23:09.145339,tf,NFO,59202,236.35,53.82,1695786789,229.51,4832145,236.40,236.75,30,90,,,
2023-09-27 09:23:09.545957,tf,NFO,59202,236.85,54.15,1695786789,,4834905,236.70,237.15,120,30,,,
2023-09-27 09:23:10.550729,tf,NFO,59202,236.45,53.89,1695786790,,,,,,,,,
2023-09-27 09:23:11.548014,tf,NFO,59202,239.10,55.61,1695786791,,,,,,,,,
2023-09-27 09:23:12.548096,tf,NFO,59202,237.55,54.60,1695786792,,,,,,,,,
2023-09-27 09:23:12.751627,tf,NFO,59202,238.20,55.03,1695786792,229.54,4852905,237.90,238.35,15,30,,,
2023-09-27 09:23:13.548450,tf,NFO,59202,236.65,54.02,1695786793,,,,,,,,,
2023-09-27 09:23:13.755123,tf,NFO,59202,237.30,54.44,1695786793,229.55,4856160,236.75,237.25,255,210,,,
2023-09-27 09:23:14.548735,tf,NFO,59202,236.45,53.89,1695786794,,,,,,,,,
2023-09-27 09:23:14.952544,tf,NFO,59202,237.25,54.41,1695786794,,4860630,236.50,237.00,60,60,,,
2023-09-27 09:23:15.549290,tf,NFO,59202,236.90,54.18,1695786795,,,,,,,,,
2023-09-27 09:23:15.956355,tf,NFO,59202,237.10,54.31,1695786795,229.56,4864215,236.70,237.15,30,90,,,
2023-09-27 09:23:16.550086,tf,NFO,59202,236.15,53.69,1695786796,,,,,,,,,
2023-09-27 09:23:16.959899,tf,NFO,59202,236.40,53.86,1695786796,229.57,4868370,236.00,236.40,255,15,,,
2023-09-27 09:23:17.549408,tf,NFO,59202,236.15,53.69,1695786797,,,,,,,,,
2023-09-27 09:23:18.158856,tf,NFO,59202,236.70,54.05,1695786798,229.58,4877715,236.65,237.05,345,30,,,
2023-09-27 09:23:18.551732,tf,NFO,59202,237.30,54.44,1695786798,,,,,,,,,
2023-09-27 09:23:19.551514,tf,NFO,59202,236.75,54.08,1695786799,,,,,,,,,
2023-09-27 09:23:19.561206,tf,NFO,59202,236.80,54.12,1695786799,229.59,4882020,236.35,236.85,345,105,,,
2023-09-27 09:23:20.552295,tf,NFO,59202,235.95,53.56,1695786800,,,,,,,,,
2023-09-27 09:23:20.564631,tf,NFO,59202,236.45,53.89,1695786800,,4884450,236.00,236.40,30,15,,,
2023-09-27 09:23:21.552132,tf,NFO,59202,236.70,54.05,1695786801,,,,,,,,,
2023-09-27 09:23:21.762344,tf,NFO,59202,236.80,54.12,1695786801,,4887945,236.55,236.70,,90,,,
2023-09-27 09:23:22.552386,tf,NFO,59202,236.00,53.60,1695786802,,,,,,,,,
2023-09-27 09:23:22.765783,tf,NFO,59202,236.05,53.63,1695786802,229.60,4892310,235.70,236.10,,315,,,
2023-09-27 09:23:23.554077,tf,NFO,59202,236.15,53.69,1695786803,,,,,,,,,
2023-09-27 09:23:23.769545,tf,NFO,59202,235.25,53.11,1695786803,,4896450,235.20,235.50,,195,,,
2023-09-27 09:23:24.553961,tf,NFO,59202,235.10,53.01,1695786804,,,,,,,,,
2023-09-27 09:23:24.968054,tf,NFO,59202,234.50,52.62,1695786804,229.61,4903245,234.75,235.15,,90,,,
2023-09-27 09:23:25.973514,tf,NFO,59202,234.20,52.42,1695786805,229.62,4911000,233.75,234.25,435,150,,,
2023-09-27 09:23:26.554815,tf,NFO,59202,234.00,52.29,1695786806,,,,,,,,,
2023-09-27 09:23:27.171388,tf,NFO,59202,234.50,52.62,1695786807,,4917195,234.40,234.90,150,270,,,
2023-09-27 09:23:27.555770,tf,NFO,59202,234.85,52.85,1695786807,,,,,,,,,
2023-09-27 09:23:28.556609,tf,NFO,59202,234.50,52.62,1695786808,,,,,,,,,
2023-09-27 09:23:29.557248,tf,NFO,59202,233.90,52.23,1695786809,,,,,,,,,
2023-09-27 09:23:29.773569,tf,NFO,59202,234.55,52.65,1695786809,,4925955,233.85,234.00,30,300,,,
2023-09-27 09:23:30.558247,tf,NFO,59202,234.20,52.42,1695786810,,,,,,,,,
2023-09-27 09:23:30.777090,tf,NFO,59202,233.45,51.94,1695786810,229.64,4927830,233.60,234.10,270,45,,,
2023-09-27 09:23:31.558271,tf,NFO,59202,233.70,52.10,1695786811,,,,,,,,,
2023-09-27 09:23:31.975930,tf,NFO,59202,233.75,52.13,1695786811,,4930875,233.65,234.05,420,360,,,
2023-09-27 09:23:32.558455,tf,NFO,59202,234.25,52.46,1695786812,,,,,,,,,
2023-09-27 09:23:32.981172,tf,NFO,59202,234.40,52.55,1695786812,,4933515,234.10,234.40,450,45,,,
2023-09-27 09:23:33.558805,tf,NFO,59202,234.50,52.62,1695786813,,,,,,,,,
2023-09-27 09:23:33.983596,tf,NFO,59202,234.95,52.91,1695786813,,4935630,234.50,234.90,30,60,,,
2023-09-27 09:23:34.559671,tf,NFO,59202,234.55,52.65,1695786814,,,,,,,,,
2023-09-27 09:23:35.180675,tf,NFO,59202,234.95,52.91,1695786815,229.65,4938870,234.55,235.00,,1635,,,
2023-09-27 09:23:35.559514,tf,NFO,59202,235.00,52.95,1695786815,,,,,,,,,
2023-09-27 09:23:35.580933,tf,NFO,59202,235.30,53.14,1695786815,,4942515,234.90,235.35,105,90,,,
2023-09-27 09:23:36.561070,tf,NFO,59202,233.95,52.26,1695786816,,,,,,,,,
2023-09-27 09:23:37.561012,tf,NFO,59202,234.95,52.91,1695786817,,,,,,,,,
2023-09-27 09:23:38.560972,tf,NFO,59202,234.75,52.78,1695786818,,,,,,,,,
2023-09-27 09:23:38.785275,tf,NFO,59202,234.40,52.55,1695786818,,4947615,234.05,234.40,30,240,,,
2023-09-27 09:23:39.560794,tf,NFO,59202,234.50,52.62,1695786819,,,,,,,,,
2023-09-27 09:23:39.789510,tf,NFO,59202,234.40,52.55,1695786819,229.66,4951170,234.30,234.70,,15,,,
2023-09-27 09:23:40.561928,tf,NFO,59202,234.35,52.52,1695786820,,,,,,,,,
2023-09-27 09:23:40.793238,tf,NFO,59202,234.65,52.72,1695786820,,4954530,234.20,234.65,375,45,,,
2023-09-27 09:23:41.561867,tf,NFO,59202,234.50,52.62,1695786821,,,,,,,,,
2023-09-27 09:23:41.991656,tf,NFO,59202,233.85,52.20,1695786821,,4957590,233.60,233.85,195,225,,,
2023-09-27 09:23:42.562065,tf,NFO,59202,233.80,52.16,1695786822,,,,,,,,,
2023-09-27 09:23:42.996482,tf,NFO,59202,234.50,52.62,1695786822,229.67,4963260,234.10,234.60,345,150,,,
2023-09-27 09:23:43.562692,tf,NFO,59202,234.35,52.52,1695786823,,,,,,,,,
2023-09-27 09:23:44.193616,tf,NFO,59202,234.50,52.62,1695786824,,4966050,234.50,234.85,30,120,,,
2023-09-27 09:23:44.562872,tf,NFO,59202,234.25,52.46,1695786824,,,,,,,,,
2023-09-27 09:23:44.594797,tf,NFO,59202,233.90,52.23,1695786824,,4967325,233.75,234.15,15,150,,,
2023-09-27 09:23:45.563120,tf,NFO,59202,233.80,52.16,1695786825,,,,,,,2182035,,
2023-09-27 09:23:45.597307,tf,NFO,59202,233.75,52.13,1695786825,229.68,4971570,233.25,233.75,30,165,,,
2023-09-27 09:23:46.563832,tf,NFO,59202,233.30,51.84,1695786826,,,,,,,,,
2023-09-27 09:23:46.800301,tf,NFO,59202,233.60,52.03,1695786826,,4974615,233.35,,345,210,,,
2023-09-27 09:23:47.563496,tf,NFO,59202,234.20,52.42,1695786827,,,,,,,,,
2023-09-27 09:23:47.799231,tf,NFO,59202,233.95,52.26,1695786827,,4977765,234.20,234.50,45,150,,,
2023-09-27 09:23:48.564122,tf,NFO,59202,234.45,52.59,1695786828,,,,,,,,,
2023-09-27 09:23:48.803674,tf,NFO,59202,234.05,52.33,1695786828,,4980285,234.05,234.30,30,135,,,
2023-09-27 09:23:49.564718,tf,NFO,59202,233.75,52.13,1695786829,,,,,,,,,
2023-09-27 09:23:50.564674,tf,NFO,59202,233.95,52.26,1695786830,,,,,,,,,
2023-09-27 09:23:51.003044,tf,NFO,59202,233.50,51.97,1695786830,,4992675,233.40,233.85,,30,,,
2023-09-27 09:23:51.564949,tf,NFO,59202,232.20,51.12,1695786831,,,,,,,,,
2023-09-27 09:23:52.007174,tf,NFO,59202,233.00,51.64,1695786831,229.70,5000580,232.70,233.05,15,,,,
2023-09-27 09:23:52.565514,tf,NFO,59202,232.85,51.55,1695786832,,,,,,,,,
2023-09-27 09:23:53.205603,tf,NFO,59202,232.75,51.48,1695786833,,5003205,232.45,232.75,225,195,,,
2023-09-27 09:23:53.565605,tf,NFO,59202,231.55,50.70,1695786833,,,,,,,,,
2023-09-27 09:23:53.606565,tf,NFO,59202,231.30,50.54,1695786833,,5009175,231.20,231.65,105,45,,,
2023-09-27 09:23:54.566546,tf,NFO,59202,231.70,50.80,1695786834,,,,,,,,,
2023-09-27 09:23:55.567245,tf,NFO,59202,231.65,50.76,1695786835,,,,,,,,,
2023-09-27 09:23:55.808048,tf,NFO,59202,231.40,50.60,1695786835,229.71,5019075,231.40,231.70,60,30,,,
2023-09-27 09:23:56.567864,tf,NFO,59202,232.20,51.12,1695786836,,,,,,,,,
2023-09-27 09:23:56.811316,tf,NFO,59202,233.45,51.94,1695786836,,5025630,233.30,233.75,45,165,,,
2023-09-27 09:23:57.567422,tf,NFO,59202,233.80,52.16,1695786837,,,,,,,,,
2023-09-27 09:23:57.814375,tf,NFO,59202,234.30,52.49,1695786837,,5031870,234.15,234.50,15,435,,,
2023-09-27 09:23:58.568834,tf,NFO,59202,232.70,51.45,1695786838,,,,,,,,,
2023-09-27 09:23:58.818062,tf,NFO,59202,232.65,51.42,1695786838,229.72,5035695,232.70,233.10,45,75,,,
2023-09-27 09:23:59.568380,tf,NFO,59202,233.95,52.26,1695786839,,,,,,,,,
2023-09-27 09:24:00.016439,tf,NFO,59202,233.40,51.90,1695786839,,5036445,233.45,233.80,15,15,,,
2023-09-27 09:24:00.569430,tf,NFO,59202,234.20,52.42,1695786840,,,,,,,,,
2023-09-27 09:24:01.019859,tf,NFO,59202,232.50,51.32,1695786840,,5038530,232.50,232.85,,45,,,
2023-09-27 09:24:01.569863,tf,NFO,59202,234.75,52.78,1695786841,,,,,,,,,
2023-09-27 09:24:02.218077,tf,NFO,59202,234.85,52.85,1695786842,,5042505,234.45,234.90,105,150,,,
2023-09-27 09:24:02.570842,tf,NFO,59202,234.75,52.78,1695786842,,,,,,,,,
2023-09-27 09:24:03.570959,tf,NFO,59202,234.20,52.42,1695786843,,,,,,,,,
2023-09-27 09:24:03.621765,tf,NFO,59202,234.70,52.75,1695786843,229.73,5046465,234.50,234.75,30,180,,,
2023-09-27 09:24:04.571599,tf,NFO,59202,234.35,52.52,1695786844,,,,,,,,,
2023-09-27 09:24:05.571484,tf,NFO,59202,234.45,52.59,1695786845,,,,,,,,,
2023-09-27 09:24:05.824284,tf,NFO,59202,234.80,52.81,1695786845,,5055480,234.45,234.85,45,330,,,
2023-09-27 09:24:06.572535,tf,NFO,59202,235.05,52.98,1695786846,,,,,,,,,
2023-09-27 09:24:06.828858,tf,NFO,59202,234.85,52.85,1695786846,229.74,5058900,234.85,235.35,375,135,,,
2023-09-27 09:24:07.572878,tf,NFO,59202,235.95,53.56,1695786847,,,,,,,,,
2023-09-27 09:24:08.026544,tf,NFO,59202,236.30,53.79,1695786847,229.75,5068155,236.25,236.65,60,45,,,
2023-09-27 09:24:08.573352,tf,NFO,59202,236.10,53.66,1695786848,,,,,,,,,
2023-09-27 09:24:09.028992,tf,NFO,59202,237.45,54.54,1695786848,,5070870,236.90,237.35,390,,,,
2023-09-27 09:24:09.574129,tf,NFO,59202,236.90,54.18,1695786849,,,,,,,,,
2023-09-27 09:24:10.033158,tf,NFO,59202,237.20,54.38,1695786849,229.76,5074755,236.80,237.20,165,60,,,
2023-09-27 09:24:10.574876,tf,NFO,59202,237.90,54.83,1695786850,,,,,,,,,
2023-09-27 09:24:11.231001,tf,NFO,59202,238.30,55.09,1695786851,229.78,5086095,237.80,238.30,60,75,,,
2023-09-27 09:24:11.583412,tf,NFO,59202,238.35,55.13,1695786851,,,,,,,,,
2023-09-27 09:24:11.631971,tf,NFO,59202,238.25,55.06,1695786851,229.79,5091315,238.30,238.60,345,45,,,
2023-09-27 09:24:12.575587,tf,NFO,59202,239.85,56.10,1695786852,,,,,,,,,
2023-09-27 09:24:13.575838,tf,NFO,59202,237.85,54.80,1695786853,,,,,,,,,
2023-09-27 09:24:13.835203,tf,NFO,59202,237.20,54.38,1695786853,229.83,5112930,237.25,237.70,45,,,,
2023-09-27 09:24:14.577728,tf,NFO,59202,237.05,54.28,1695786854,,,,,,,,,
2023-09-27 09:24:14.838237,tf,NFO,59202,236.60,53.99,1695786854,,5117445,236.90,237.30,75,45,,,
2023-09-27 09:24:15.577312,tf,NFO,59202,236.95,54.21,1695786855,,,,,,,,,
2023-09-27 09:24:15.841846,tf,NFO,59202,236.80,54.12,1695786855,229.84,5119005,236.80,237.20,300,15,,,
2023-09-27 09:24:16.577627,tf,NFO,59202,236.50,53.92,1695786856,,,,,,,,,
2023-09-27 09:24:17.041066,tf,NFO,59202,237.15,54.34,1695786856,,5122020,236.75,237.10,135,30,,,
2023-09-27 09:24:17.578454,tf,NFO,59202,237.20,54.38,1695786857,,,,,,,,,
2023-09-27 09:24:18.579304,tf,NFO,59202,235.60,53.34,1695786858,,,,,,,,,
2023-09-27 09:24:18.640862,tf,NFO,59202,235.30,53.14,1695786858,,5127915,235.00,235.40,1920,90,,,
2023-09-27 09:24:19.580168,tf,NFO,59202,236.20,53.73,1695786859,,,,,,,,,
2023-09-27 09:24:19.648096,tf,NFO,59202,236.50,53.92,1695786859,,5129940,236.55,236.75,30,15,,,
2023-09-27 09:24:20.580303,tf,NFO,59202,235.15,53.04,1695786860,,,,,,,,,
2023-09-27 09:24:20.646896,tf,NFO,59202,235.50,53.27,1695786860,,5133195,235.15,235.50,,45,,,
2023-09-27 09:24:21.580244,tf,NFO,59202,234.85,52.85,1695786861,,,,,,,,,
2023-09-27 09:24:22.580383,tf,NFO,59202,235.40,53.21,1695786862,,,,,,,,,
2023-09-27 09:24:22.848090,tf,NFO,59202,234.70,52.75,1695786862,,5143110,234.20,234.60,60,,,,
2023-09-27 09:24:23.581985,tf,NFO,59202,234.40,52.55,1695786863,,,,,,,,,
2023-09-27 09:24:23.851942,tf,NFO,59202,234.00,52.29,1695786863,229.87,5144550,233.75,234.00,30,195,,,
2023-09-27 09:24:24.582186,tf,NFO,59202,234.15,52.39,1695786864,,,,,,,,,
2023-09-27 09:24:25.049014,tf,NFO,59202,234.00,52.29,1695786864,,5147640,233.50,233.80,,90,,,
2023-09-27 09:24:25.581397,tf,NFO,59202,234.15,52.39,1695786865,,,,,,,,,
2023-09-27 09:24:26.053773,tf,NFO,59202,233.60,52.03,1695786865,,5148630,233.60,234.10,150,30,,,
2023-09-27 09:24:26.582444,tf,NFO,59202,232.55,51.35,1695786866,,,,,,,,,
2023-09-27 09:24:27.582299,tf,NFO,59202,233.10,51.71,1695786867,,,,,,,,,
2023-09-27 09:24:27.657733,tf,NFO,59202,233.25,51.81,1695786867,,5153850,232.80,233.25,15,255,,,
2023-09-27 09:24:28.582637,tf,NFO,59202,232.00,50.99,1695786868,,,,,,,,,
2023-09-27 09:24:28.655931,tf,NFO,59202,232.15,51.09,1695786868,,5155695,232.25,232.70,30,270,,,
2023-09-27 09:24:29.583246,tf,NFO,59202,230.20,49.82,1695786869,,,,,,,,,
2023-09-27 09:24:29.661390,tf,NFO,59202,230.80,50.21,1695786869,229.88,5195760,230.60,231.00,60,30,,,
2023-09-27 09:24:30.584005,tf,NFO,59202,229.90,49.63,1695786870,,,,,,,,,
2023-09-27 09:24:30.860091,tf,NFO,59202,228.90,48.97,1695786870,,5205045,228.45,228.90,270,270,,,
2023-09-27 09:24:31.584406,tf,NFO,59202,228.60,48.78,1695786871,,,,,,,,,
2023-09-27 09:24:31.863005,tf,NFO,59202,229.65,49.46,1695786871,,5215095,229.35,229.80,315,45,,,
2023-09-27 09:24:32.584238,tf,NFO,59202,228.10,48.45,1695786872,,,,,,,,,
2023-09-27 09:24:33.069893,tf,NFO,59202,229.55,49.40,1695786872,229.87,5232180,229.10,229.55,330,75,,,
2023-09-27 09:24:33.584769,tf,NFO,59202,229.75,49.53,1695786873,,,,,,,,,
2023-09-27 09:24:34.070457,tf,NFO,59202,230.00,49.69,1695786873,,5236470,229.70,230.15,30,165,,,
2023-09-27 09:24:34.585331,tf,NFO,59202,229.10,49.11,1695786874,,,,,,,,,
2023-09-27 09:24:35.265976,tf,NFO,59202,227.80,48.26,1695786875,,5241420,227.40,227.95,180,75,,,
2023-09-27 09:24:35.585571,tf,NFO,59202,226.60,47.48,1695786875,,,,,,,,,
2023-09-27 09:24:35.680203,tf,NFO,59202,227.50,48.06,1695786875,,5245380,226.95,227.45,90,240,,,
2023-09-27 09:24:36.586724,tf,NFO,59202,226.95,47.71,1695786876,,,,,,,,,
2023-09-27 09:24:36.668857,tf,NFO,59202,227.25,47.90,1695786876,,5248650,227.15,227.55,30,300,,,
2023-09-27 09:24:37.587096,tf,NFO,59202,227.00,47.74,1695786877,,,,,,,,,
2023-09-27 09:24:37.679522,tf,NFO,59202,227.25,47.90,1695786877,229.86,5254740,227.20,227.60,,30,,,
2023-09-27 09:24:38.586973,tf,NFO,59202,230.15,49.79,1695786878,,,,,,,,,
2023-09-27 09:24:38.869038,tf,NFO,59202,229.95,49.66,1695786878,,5265405,229.50,230.00,,105,,,
2023-09-27 09:24:39.587243,tf,NFO,59202,228.65,48.81,1695786879,,,,,,,,,
2023-09-27 09:24:39.871867,tf,NFO,59202,227.75,48.23,1695786879,,5268675,227.30,227.70,,30,,,
2023-09-27 09:24:40.787133,tf,NFO,59202,227.65,48.16,1695786880,,,,,,,,,
2023-09-27 09:24:41.070245,tf,NFO,59202,228.55,48.75,1695786880,,5270955,228.10,228.55,105,120,,,
2023-09-27 09:24:41.587468,tf,NFO,59202,228.75,48.88,1695786881,,,,,,,,,
2023-09-27 09:24:42.077508,tf,NFO,59202,230.20,49.82,1695786881,,5274810,230.20,230.55,30,,,,
2023-09-27 09:24:42.587704,tf,NFO,59202,231.25,50.50,1695786882,,,,,,,,,
2023-09-27 09:24:43.274704,tf,NFO,59202,232.20,51.12,1695786883,,5279640,231.85,232.20,,75,,,
2023-09-27 09:24:43.588473,tf,NFO,59202,231.00,50.34,1695786883,,,,,,,,,
2023-09-27 09:24:43.687405,tf,NFO,59202,230.95,50.31,1695786883,,5280150,230.90,231.20,75,,,,
2023-09-27 09:24:44.589105,tf,NFO,59202,232.45,51.29,1695786884,,,,,,,,,
2023-09-27 09:24:45.589445,tf,NFO,59202,231.50,50.67,1695786885,,,,,,,,,
2023-09-27 09:24:45.876874,tf,NFO,59202,232.00,50.99,1695786885,,5289795,231.35,231.75,30,480,,,
2023-09-27 09:24:46.589683,tf,NFO,59202,230.75,50.18,1695786886,,,,,,,,,
2023-09-27 09:24:46.882538,tf,NFO,59202,231.30,50.54,1695786886,229.87,5293755,230.95,231.30,,465,,,
2023-09-27 09:24:47.789457,tf,NFO,59202,230.95,50.31,1695786887,,,,,,,,,
2023-09-27 09:24:47.885524,tf,NFO,59202,232.30,51.19,1695786887,,5299140,232.00,232.30,15,210,,,
2023-09-27 09:24:48.590885,tf,NFO,59202,234.00,52.29,1695786888,,,,,,,,,
2023-09-27 09:24:49.082896,tf,NFO,59202,233.85,52.20,1695786888,,5302485,233.70,234.00,75,30,,,
2023-09-27 09:24:49.590949,tf,NFO,59202,234.25,52.46,1695786889,,,,,,,,,
2023-09-27 09:24:50.085536,tf,NFO,59202,234.50,52.62,1695786889,,5306835,234.35,234.80,90,,,,
2023-09-27 09:24:50.591142,tf,NFO,59202,235.45,53.24,1695786890,,,,,,,,,
2023-09-27 09:24:51.283381,tf,NFO,59202,235.90,53.53,1695786891,229.89,5319030,235.20,235.50,30,,,,
2023-09-27 09:24:51.591024,tf,NFO,59202,234.65,52.72,1695786891,,,,,,,,,
2023-09-27 09:24:51.691958,tf,NFO,59202,235.05,52.98,1695786891,,5320035,234.65,235.00,300,,,,
2023-09-27 09:24:52.592064,tf,NFO,59202,235.70,53.40,1695786892,,,,,,,,,
2023-09-27 09:24:52.687991,tf,NFO,59202,234.85,52.85,1695786892,,5324370,234.60,234.85,105,,,,
2023-09-27 09:24:53.591550,tf,NFO,59202,235.00,52.95,1695786893,,,,,,,,,
2023-09-27 09:24:53.692953,tf,NFO,59202,235.25,53.11,1695786893,,5327835,235.00,235.35,30,45,,,
2023-09-27 09:24:54.592197,tf,NFO,59202,235.55,53.30,1695786894,,,,,,,,,
2023-09-27 09:24:54.888953,tf,NFO,59202,235.00,52.95,1695786894,229.90,5329620,234.95,,105,30,,,
2023-09-27 09:24:55.592673,tf,NFO,59202,234.85,52.85,1695786895,,,,,,,,,
2023-09-27 09:24:55.892473,tf,NFO,59202,235.00,52.95,1695786895,,5333025,234.80,235.10,60,45,,,
2023-09-27 09:24:56.592791,tf,NFO,59202,235.30,53.14,1695786896,,,,,,,,,
2023-09-27 09:24:56.896538,tf,NFO,59202,235.05,52.98,1695786896,,5334930,234.90,235.40,1050,105,,,
2023-09-27 09:24:57.594074,tf,NFO,59202,235.75,53.43,1695786897,,,,,,,,,
2023-09-27 09:24:58.096436,tf,NFO,59202,235.70,53.40,1695786897,,5337240,235.25,235.75,75,90,,,
2023-09-27 09:24:58.593669,tf,NFO,59202,235.15,53.04,1695786898,,,,,,,,,
2023-09-27 09:24:59.098672,tf,NFO,59202,235.30,53.14,1695786898,229.91,5345490,235.35,,30,60,,,
2023-09-27 09:24:59.594898,tf,NFO,59202,236.00,53.60,1695786899,,,,,,,,,
2023-09-27 09:25:00.298072,tf,NFO,59202,236.85,54.15,1695786900,229.92,5352210,236.80,237.15,45,105,,,
2023-09-27 09:25:00.595198,tf,NFO,59202,237.75,54.73,1695786900,,,,,,,,,
2023-09-27 09:25:00.697717,tf,NFO,59202,236.80,54.12,1695786900,,5353635,237.00,237.50,360,45,,,
2023-09-27 09:25:01.594993,tf,NFO,59202,236.15,53.69,1695786901,,,,,,,,,
2023-09-27 09:25:01.702288,tf,NFO,59202,236.40,53.86,1695786901,229.93,5362110,236.40,236.90,420,75,,,
2023-09-27 09:25:02.595364,tf,NFO,59202,236.90,54.18,1695786902,,,,,,,,,
2023-09-27 09:25:02.900876,tf,NFO,59202,236.45,53.89,1695786902,229.94,5369880,,236.80,435,30,,,
2023-09-27 09:25:03.794478,tf,NFO,59202,236.95,54.21,1695786903,,,,,,,,,
2023-09-27 09:25:03.904388,tf,NFO,59202,237.25,54.41,1695786903,229.95,5375355,237.25,237.80,285,75,,,
2023-09-27 09:25:04.596249,tf,NFO,59202,238.55,55.26,1695786904,,,,,,,,,
2023-09-27 09:25:05.103227,tf,NFO,59202,239.45,55.84,1695786904,229.97,5387775,239.20,239.65,330,45,,,
2023-09-27 09:25:05.596883,tf,NFO,59202,239.70,56.00,1695786905,,,,,,,,,
2023-09-27 09:25:06.109198,tf,NFO,59202,239.10,55.61,1695786906,229.99,5401245,239.00,239.50,30,30,,,
2023-09-27 09:25:06.596938,tf,NFO,59202,239.60,55.94,1695786906,,,,,,,,,
2023-09-27 09:25:07.307096,tf,NFO,59202,239.55,55.91,1695786907,230.01,5411205,,239.55,240,90,,,
2023-09-27 09:25:07.597764,tf,NFO,59202,238.90,55.48,1695786907,,,,,,,,,
2023-09-27 09:25:07.707531,tf,NFO,59202,239.35,55.78,1695786907,,5413410,239.25,239.75,90,165,,,
2023-09-27 09:25:08.598141,tf,NFO,59202,238.95,55.52,1695786908,,,,,,,,,
2023-09-27 09:25:08.712808,tf,NFO,59202,238.85,55.45,1695786908,230.03,5422230,238.85,238.95,45,180,,,
2023-09-27 09:25:09.909942,tf,NFO,59202,238.35,55.13,1695786909,230.04,5427780,237.95,238.40,285,30,,,
2023-09-27 09:25:10.599688,tf,NFO,59202,236.85,54.15,1695786910,,,,,,,,,
2023-09-27 09:25:10.914758,tf,NFO,59202,236.65,54.02,1695786910,230.05,5435985,236.55,237.10,435,225,,,
2023-09-27 09:25:11.599795,tf,NFO,59202,235.00,52.95,1695786911,,,,,,,,,
2023-09-27 09:25:12.115238,tf,NFO,59202,234.50,52.62,1695786912,230.06,5444085,234.55,234.85,15,15,,,
2023-09-27 09:25:12.600774,tf,NFO,59202,234.15,52.39,1695786912,,,,,,,,,
2023-09-27 09:25:13.128030,tf,NFO,59202,235.45,53.24,1695786913,,5453685,235.05,235.40,,75,,,
2023-09-27 09:25:13.601012,tf,NFO,59202,234.55,52.65,1695786913,,,,,,,,,
2023-09-27 09:25:14.318455,tf,NFO,59202,236.80,54.12,1695786914,230.07,5461440,236.25,236.75,495,120,,,
2023-09-27 09:25:14.601631,tf,NFO,59202,235.70,53.40,1695786914,,,,,,,,,
2023-09-27 09:25:14.719406,tf,NFO,59202,235.40,53.21,1695786914,,5462250,235.50,235.90,525,60,,,
2023-09-27 09:25:15.602336,tf,NFO,59202,236.65,54.02,1695786915,,,,,,,,,
2023-09-27 09:25:15.722792,tf,NFO,59202,237.30,54.44,1695786915,,5463585,236.85,237.40,30,285,,,
2023-09-27 09:25:16.602910,tf,NFO,59202,238.45,55.19,1695786916,,,,,,,,,
2023-09-27 09:25:16.725388,tf,NFO,59202,238.15,55.00,1695786916,230.08,5466240,238.20,238.60,75,30,,,
2023-09-27 09:25:17.603139,tf,NFO,59202,236.90,54.18,1695786917,,,,,,,,,
2023-09-27 09:25:17.921826,tf,NFO,59202,237.15,54.34,1695786917,230.09,5472525,236.75,237.15,90,,,,
2023-09-27 09:25:18.603407,tf,NFO,59202,235.70,53.40,1695786918,,,,,,,,,
2023-09-27 09:25:18.925887,tf,NFO,59202,236.20,53.73,1695786918,,5478645,236.15,236.60,240,45,,,
2023-09-27 09:25:19.603933,tf,NFO,59202,236.80,54.12,1695786919,,,,,,,,,
2023-09-27 09:25:19.928928,tf,NFO,59202,236.60,53.99,1695786919,230.10,5481060,236.45,236.75,90,225,,,
2023-09-27 09:25:20.604677,tf,NFO,59202,236.85,54.15,1695786920,,,,,,,,,
2023-09-27 09:25:21.128393,tf,NFO,59202,236.00,53.60,1695786921,,5485590,236.00,236.25,390,210,,,
2023-09-27 09:25:21.605129,tf,NFO,59202,236.30,53.79,1695786921,,,,,,,,,
2023-09-27 09:25:22.132739,tf,NFO,59202,237.20,54.38,1695786922,,5488035,236.80,237.20,60,15,,,
2023-09-27 09:25:22.605043,tf,NFO,59202,237.10,54.31,1695786922,,,,,,,,,
2023-09-27 09:25:23.331093,tf,NFO,59202,235.70,53.40,1695786923,230.11,5492550,235.40,235.90,450,210,,,
2023-09-27 09:25:23.605516,tf,NFO,59202,235.80,53.47,1695786923,,,,,,,,,
2023-09-27 09:25:23.732033,tf,NFO,59202,235.40,53.21,1695786923,,5493720,235.75,236.10,75,60,,,
2023-09-27 09:25:24.606215,tf,NFO,59202,238.00,54.90,1695786924,,,,,,,,,
2023-09-27 09:25:24.737354,tf,NFO,59202,237.95,54.86,1695786924,230.12,5497500,237.60,238.05,90,75,,,
2023-09-27 09:25:25.737608,tf,NFO,59202,237.35,54.47,1695786925,,5499840,,238.00,180,345,,,
2023-09-27 09:25:26.606293,tf,NFO,59202,237.90,54.83,1695786926,,,,,,,,,
2023-09-27 09:25:26.934464,tf,NFO,59202,237.35,54.47,1695786926,,5502240,236.85,237.30,420,30,,,
2023-09-27 09:25:27.607549,tf,NFO,59202,236.85,54.15,1695786927,,,,,,,,,
2023-09-27 09:25:27.937258,tf,NFO,59202,237.20,54.38,1695786927,,5503905,236.95,237.15,90,,,,
2023-09-27 09:25:28.607111,tf,NFO,59202,238.55,55.26,1695786928,,,,,,,,,
2023-09-27 09:25:28.940967,tf,NFO,59202,238.15,55.00,1695786928,230.13,5508105,238.30,238.70,15,,,,
2023-09-27 09:25:30.139105,tf,NFO,59202,238.80,55.42,1695786930,230.14,5514450,238.35,238.85,195,120,,,
2023-09-27 09:25:30.607610,tf,NFO,59202,238.70,55.35,1695786930,,,,,,,,,
2023-09-27 09:25:31.142499,tf,NFO,59202,237.25,54.41,1695786931,230.15,5524140,237.20,237.30,15,15,,,
2023-09-27 09:25:31.607885,tf,NFO,59202,236.85,54.15,1695786931,,,,,,,,,
2023-09-27 09:25:32.144066,tf,NFO,59202,236.20,53.73,1695786932,230.16,5526300,236.15,236.65,330,90,,,
2023-09-27 09:25:32.608819,tf,NFO,59202,235.95,53.56,1695786932,,,,,,,,,
2023-09-27 09:25:33.147610,tf,NFO,59202,236.90,54.18,1695786933,,5528595,236.45,236.90,165,60,,,
2023-09-27 09:25:33.608855,tf,NFO,59202,236.45,53.89,1695786933,,,,,,,,,
2023-09-27 09:25:34.346454,tf,NFO,59202,237.00,54.25,1695786934,,5533050,236.40,,,30,,,
2023-09-27 09:25:34.609103,tf,NFO,59202,236.30,53.79,1695786934,,,,,,,,,
2023-09-27 09:25:34.745783,tf,NFO,59202,237.05,54.28,1695786934,230.17,5533275,236.75,237.05,15,,,,
2023-09-27 09:25:35.610006,tf,NFO,59202,235.50,53.27,1695786935,,,,,,,,,
2023-09-27 09:25:35.748355,tf,NFO,59202,235.90,53.53,1695786935,,5535510,235.55,236.05,165,,,,
2023-09-27 09:25:36.609859,tf,NFO,59202,235.85,53.50,1695786936,,,,,,,,,
2023-09-27 09:25:36.751603,tf,NFO,59202,235.60,53.34,1695786936,,5539605,235.40,235.75,90,15,,,
2023-09-27 09:25:37.610092,tf,NFO,59202,235.80,53.47,1695786937,,,,,,,,,
2023-09-27 09:25:37.950027,tf,NFO,59202,235.00,52.95,1695786937,230.18,5546490,235.15,235.65,165,90,,,
2023-09-27 09:25:38.610139,tf,NFO,59202,235.25,53.11,1695786938,,,,,,,,,
2023-09-27 09:25:38.952640,tf,NFO,59202,234.45,52.59,1695786938,,5550195,234.10,234.45,60,390,,,
2023-09-27 09:25:39.611222,tf,NFO,59202,233.40,51.90,1695786939,,,,,,,,,
2023-09-27 09:25:40.151871,tf,NFO,59202,233.50,51.97,1695786940,,5554935,233.50,233.95,150,180,,,
2023-09-27 09:25:40.612041,tf,NFO,59202,233.65,52.07,1695786940,,,,,,,,,
2023-09-27 09:25:41.156178,tf,NFO,59202,233.40,51.90,1695786941,230.19,5557950,233.10,233.70,345,405,,,
2023-09-27 09:25:41.613210,tf,NFO,59202,233.60,52.03,1695786941,,,,,,,,,
2023-09-27 09:25:42.355783,tf,NFO,59202,233.55,52.00,1695786942,,5560725,233.50,233.95,300,90,,,
2023-09-27 09:25:42.613815,tf,NFO,59202,234.50,52.62,1695786942,,,,,,,,,
2023-09-27 09:25:42.756903,tf,NFO,59202,234.40,52.55,1695786942,,5561400,234.25,234.65,105,15,,,
2023-09-27 09:25:43.613995,tf,NFO,59202,236.20,53.73,1695786943,,,,,,,,,
2023-09-27 09:25:43.759201,tf,NFO,59202,236.40,53.86,1695786943,,5563755,235.80,236.30,30,75,,,
2023-09-27 09:25:44.614775,tf,NFO,59202,235.95,53.56,1695786944,,,,,,,,,
2023-09-27 09:25:44.957156,tf,NFO,59202,236.20,53.73,1695786944,230.20,5567400,236.00,236.50,315,210,,,
2023-09-27 09:25:45.814231,tf,NFO,59202,236.65,54.02,1695786945,,,,,,,,,
2023-09-27 09:25:46.615082,tf,NFO,59202,236.80,54.12,1695786946,,,,,,,,,
2023-09-27 09:25:46.964997,tf,NFO,59202,236.00,53.60,1695786946,,5572065,235.70,236.20,15,435,,,
2023-09-27 09:25:47.615845,tf,NFO,59202,235.20,53.08,1695786947,,,,,,,,,
2023-09-27 09:25:48.163195,tf,NFO,59202,235.80,53.47,1695786948,,5576205,235.35,235.75,90,15,,,
2023-09-27 09:25:48.616695,tf,NFO,59202,236.65,54.02,1695786948,,,,,,,,,
2023-09-27 09:25:49.362876,tf,NFO,59202,236.05,53.63,1695786949,230.21,5578305,236.30,236.85,345,315,,,
2023-09-27 09:25:49.616763,tf,NFO,59202,236.55,53.95,1695786949,,,,,,,,,
2023-09-27 09:25:49.763797,tf,NFO,59202,235.75,53.43,1695786949,,5579460,235.65,236.10,150,90,,,
2023-09-27 09:25:50.617716,tf,NFO,59202,235.15,53.04,1695786950,,,,,,,,,
2023-09-27 09:25:50.767188,tf,NFO,59202,234.95,52.91,1695786950,,5582505,234.50,234.95,90,240,,,
2023-09-27 09:25:51.618091,tf,NFO,59202,234.45,52.59,1695786951,,,,,,,,,
2023-09-27 09:25:51.770631,tf,NFO,59202,234.25,52.46,1695786951,,5585190,234.30,234.75,45,90,,,
2023-09-27 09:25:52.618702,tf,NFO,59202,233.40,51.90,1695786952,,,,,,,,,
2023-09-27 09:25:52.969563,tf,NFO,59202,232.50,51.32,1695786952,230.22,5589585,232.50,233.00,210,105,,,
2023-09-27 09:25:53.619214,tf,NFO,59202,232.25,51.16,1695786953,,,,,,,,,
2023-09-27 09:25:53.974611,tf,NFO,59202,233.00,51.64,1695786953,,5592030,232.40,232.90,255,270,,,
2023-09-27 09:25:54.620044,tf,NFO,59202,232.95,51.61,1695786954,,,,,,,,,
2023-09-27 09:25:55.172450,tf,NFO,59202,232.85,51.55,1695786955,,5594550,232.45,,375,120,,,
2023-09-27 09:25:55.632241,tf,NFO,59202,232.65,51.42,1695786955,,,,,,,,,
2023-09-27 09:25:56.176094,tf,NFO,59202,231.95,50.96,1695786956,,5596860,231.40,231.80,15,180,,,
2023-09-27 09:25:56.620508,tf,NFO,59202,231.05,50.37,1695786956,,,,,,,,,
2023-09-27 09:25:57.375882,tf,NFO,59202,230.55,50.05,1695786957,,5600310,230.55,230.75,,105,,,
2023-09-27 09:25:57.776826,tf,NFO,59202,230.85,50.24,1695786957,,5601120,230.45,230.85,30,15,,,
2023-09-27 09:25:58.622650,tf,NFO,59202,231.30,50.54,1695786958,,,,,,,,,
2023-09-27 09:25:58.780809,tf,NFO,59202,230.85,50.24,1695786958,,5604720,230.95,231.40,90,45,,,
2023-09-27 09:25:59.622379,tf,NFO,59202,231.60,50.73,1695786959,,,,,,,,,
2023-09-27 09:25:59.979188,tf,NFO,59202,231.00,50.34,1695786959,,5610810,231.00,231.20,270,330,,,
2023-09-27 09:26:00.821817,tf,NFO,59202,230.30,49.89,1695786960,,,,,,,,,
2023-09-27 09:26:00.983615,tf,NFO,59202,230.00,49.69,1695786960,,5618505,230.05,230.50,165,150,,,
2023-09-27 09:26:01.622527,tf,NFO,59202,229.05,49.07,1695786961,,,,,,,,,
2023-09-27 09:26:02.181683,tf,NFO,59202,230.00,49.69,1695786962,,5632770,229.60,230.05,15,15,,,
2023-09-27 09:26:02.622938,tf,NFO,59202,229.10,49.11,1695786962,,,,,,,,,
2023-09-27 09:26:03.186428,tf,NFO,59202,229.50,49.37,1695786963,,5637195,229.00,229.45,105,90,,,
2023-09-27 09:26:03.622889,tf,NFO,59202,229.75,49.53,1695786963,,,,,,,,,
2023-09-27 09:26:04.188295,tf,NFO,59202,229.15,49.14,1695786964,,5642370,229.10,229.50,120,75,,,
2023-09-27 09:26:04.623047,tf,NFO,59202,230.15,49.79,1695786964,,,,,,,,,
2023-09-27 09:26:05.385953,tf,NFO,59202,231.10,50.41,1695786965,,5644380,230.30,230.85,180,180,,,
2023-09-27 09:26:05.633065,tf,NFO,59202,230.15,49.79,1695786965,,,,,,,,,
2023-09-27 09:26:05.786636,tf,NFO,59202,230.00,49.69,1695786965,,5644950,230.05,230.60,120,300,,,
2023-09-27 09:26:06.623924,tf,NFO,59202,232.15,51.09,1695786966,,,,,,,,,
2023-09-27 09:26:06.790698,tf,NFO,59202,232.00,50.99,1695786966,,5648805,231.50,232.05,,180,,,
2023-09-27 09:26:07.624377,tf,NFO,59202,231.65,50.76,1695786967,,,,,,,,,
2023-09-27 09:26:07.793512,tf,NFO,59202,231.25,50.50,1695786967,,5653590,231.00,231.40,165,120,,,
2023-09-27 09:26:08.625130,tf,NFO,59202,230.60,50.08,1695786968,,,,,,,,,
2023-09-27 09:26:08.798181,tf,NFO,59202,230.10,49.76,1695786968,,5657730,230.10,230.55,105,60,,,
2023-09-27 09:26:09.625526,tf,NFO,59202,230.00,49.69,1695786969,,,,,,,,,
2023-09-27 09:26:09.996147,tf,NFO,59202,229.65,49.46,1695786969,,5662425,229.15,229.75,210,180,,,
2023-09-27 09:26:10.824822,tf,NFO,59202,229.20,49.17,1695786970,,,,,,,,,
2023-09-27 09:26:10.999117,tf,NFO,59202,228.80,48.91,1695786970,,5664390,228.80,229.10,465,90,,,
2023-09-27 09:26:11.625502,tf,NFO,59202,229.25,49.20,1695786971,,,,,,,,,
2023-09-27 09:26:12.196072,tf,NFO,59202,229.70,49.50,1695786972,,5669460,229.30,229.70,30,255,,,
2023-09-27 09:26:12.626420,tf,NFO,59202,228.70,48.84,1695786972,,,,,,,,,
2023-09-27 09:26:13.199642,tf,NFO,59202,229.70,49.50,1695786973,,5673840,229.75,230.15,75,90,,,
2023-09-27 09:26:13.626729,tf,NFO,59202,230.50,50.02,1695786973,,,,,,,,,
2023-09-27 09:26:14.412081,tf,NFO,59202,229.50,49.37,1695786974,,5679165,229.05,229.50,15,15,,,
2023-09-27 09:26:14.626885,tf,NFO,59202,229.05,49.07,1695786974,,,,,,,,,
2023-09-27 09:26:14.801132,tf,NFO,59202,228.95,49.01,1695786974,,5680425,228.90,229.35,30,105,,,
2023-09-27 09:26:15.627793,tf,NFO,59202,229.00,49.04,1695786975,,,,,,,,,
2023-09-27 09:26:16.628997,tf,NFO,59202,229.35,49.27,1695786976,,,,,,,,,
2023-09-27 09:26:16.808750,tf,NFO,59202,229.50,49.37,1695786976,,5685705,229.25,229.55,345,30,,,
2023-09-27 09:26:17.629178,tf,NFO,59202,231.70,50.80,1695786977,,,,,,,,,
2023-09-27 09:26:18.630170,tf,NFO,59202,231.25,50.50,1695786978,,,,,,,,,
2023-09-27 09:26:19.009318,tf,NFO,59202,232.35,51.22,1695786978,,5694150,231.95,232.25,60,15,,,
2023-09-27 09:26:19.633721,tf,NFO,59202,231.10,50.41,1695786979,,,,,,,,,
2023-09-27 09:26:20.013167,tf,NFO,59202,231.85,50.89,1695786979,,5697840,231.30,231.85,90,180,,,
2023-09-27 09:26:20.631377,tf,NFO,59202,231.80,50.86,1695786980,,,,,,,,,
2023-09-27 09:26:21.210047,tf,NFO,59202,231.85,50.89,1695786981,,5701500,231.35,231.80,30,15,,,
2023-09-27 09:26:21.631277,tf,NFO,59202,231.50,50.67,1695786981,,,,,,,,,
2023-09-27 09:26:22.213691,tf,NFO,59202,232.55,51.35,1695786982,,5702910,232.55,232.85,45,135,,,
2023-09-27 09:26:22.632425,tf,NFO,59202,234.20,52.42,1695786982,,,,,,,,,
2023-09-27 09:26:23.411888,tf,NFO,59202,234.15,52.39,1695786983,,5707290,234.05,234.50,30,480,,,
2023-09-27 09:26:23.632747,tf,NFO,59202,234.60,52.68,1695786983,,,,,,,,,
2023-09-27 09:26:23.812620,tf,NFO,59202,234.00,52.29,1695786983,,5708145,233.55,233.95,,30,,,
2023-09-27 09:26:24.633611,tf,NFO,59202,233.75,52.13,1695786984,,,,,,,,,
2023-09-27 09:26:25.818913,tf,NFO,59202,234.85,52.85,1695786985,,5715930,234.45,234.80,15,30,,,
2023-09-27 09:26:25.832867,tf,NFO,59202,234.80,52.81,1695786985,,,,,,,,,
2023-09-27 09:26:26.634311,tf,NFO,59202,233.70,52.10,1695786986,,,,,,,,,
2023-09-27 09:26:26.820567,tf,NFO,59202,233.65,52.07,1695786986,,5718105,233.65,234.05,270,60,,,
2023-09-27 09:26:27.634327,tf,NFO,59202,234.10,52.36,1695786987,,,,,,,,,
2023-09-27 09:26:28.018183,tf,NFO,59202,233.65,52.07,1695786987,,5720385,233.70,,30,,,,
2023-09-27 09:26:28.635001,tf,NFO,59202,234.30,52.49,1695786988,,,,,,,,,
2023-09-27 09:26:29.021240,tf,NFO,59202,233.95,52.26,1695786988,,5722410,233.95,234.20,210,90,,,
2023-09-27 09:26:29.636049,tf,NFO,59202,233.80,52.16,1695786989,,,,,,,,,
2023-09-27 09:26:30.022943,tf,NFO,59202,233.55,52.00,1695786989,230.24,5724600,233.60,233.95,30,60,,,
2023-09-27 09:26:30.635500,tf,NFO,59202,234.75,52.78,1695786990,,,,,,,,,
2023-09-27 09:26:31.026354,tf,NFO,59202,234.55,52.65,1695786990,,5726805,234.10,234.50,,675,,,
2023-09-27 09:26:31.639025,tf,NFO,59202,234.65,52.72,1695786991,,,,,,,,,
2023-09-27 09:26:32.223959,tf,NFO,59202,233.25,51.81,1695786992,,5729145,233.10,233.50,60,210,,,
2023-09-27 09:26:32.636744,tf,NFO,59202,233.30,51.84,1695786992,,,,,,,,,
2023-09-27 09:26:33.228108,tf,NFO,59202,232.90,51.58,1695786993,,5731485,232.50,233.00,45,135,,,
2023-09-27 09:26:34.427121,tf,NFO,59202,231.05,50.37,1695786994,,5737860,231.15,231.70,90,105,,,
2023-09-27 09:26:34.827710,tf,NFO,59202,230.80,50.21,1695786994,,5739585,230.80,231.30,15,360,,,
2023-09-27 09:26:35.652659,tf,NFO,59202,231.05,50.37,1695786995,,,,,,,,,
2023-09-27 09:26:35.831508,tf,NFO,59202,231.60,50.73,1695786995,,5740710,231.30,231.60,30,105,,,
2023-09-27 09:26:36.637892,tf,NFO,59202,231.55,50.70,1695786996,,,,,,,,,
2023-09-27 09:26:36.834265,tf,NFO,59202,231.25,50.50,1695786996,,5742630,231.05,231.55,90,90,,,
2023-09-27 09:26:37.638522,tf,NFO,59202,232.85,51.55,1695786997,,,,,,,,,
2023-09-27 09:26:37.837280,tf,NFO,59202,233.65,52.07,1695786997,,5744550,233.20,233.65,120,15,,,
2023-09-27 09:26:38.638367,tf,NFO,59202,233.75,52.13,1695786998,,,,,,,,,
2023-09-27 09:26:39.033721,tf,NFO,59202,233.30,51.84,1695786998,230.25,5749785,232.70,233.20,,300,,,
2023-09-27 09:26:39.639623,tf,NFO,59202,232.65,51.42,1695786999,,,,,,,,,
2023-09-27 09:26:40.036938,tf,NFO,59202,232.80,51.51,1695786999,,5750310,232.85,233.30,165,90,,,
2023-09-27 09:26:40.639101,tf,NFO,59202,233.35,51.87,1695787000,,,,,,,,,
2023-09-27 09:26:41.040074,tf,NFO,59202,233.45,51.94,1695787000,,5751195,233.00,233.45,90,,,,
2023-09-27 09:26:41.651242,tf,NFO,59202,233.35,51.87,1695787001,,,,,,,,,
2023-09-27 09:26:42.239192,tf,NFO,59202,232.55,51.35,1695787002,,5753595,232.55,233.05,870,210,,,
2023-09-27 09:26:42.640320,tf,NFO,59202,233.05,51.68,1695787002,,,,,,,,,
2023-09-27 09:26:43.242281,tf,NFO,59202,232.75,51.48,1695787003,,5755500,232.75,233.20,30,240,,,
2023-09-27 09:26:43.640268,tf,NFO,59202,232.80,51.51,1695787003,,,,,,,,,
2023-09-27 09:26:44.439975,tf,NFO,59202,231.85,50.89,1695787004,,5759085,231.70,232.20,45,405,,,
2023-09-27 09:26:44.640617,tf,NFO,59202,232.25,51.16,1695787004,,,,,,,,,
2023-09-27 09:26:44.840604,tf,NFO,59202,231.35,50.57,1695787004,,5759805,231.20,231.70,240,150,,,
2023-09-27 09:26:45.645398,tf,NFO,59202,231.80,50.86,1695787005,,,,,,,2275455,,
2023-09-27 09:26:45.844030,tf,NFO,59202,232.50,51.32,1695787005,,5761140,231.90,232.30,195,300,,,
2023-09-27 09:26:46.641145,tf,NFO,59202,232.75,51.48,1695787006,,,,,,,,,
2023-09-27 09:26:46.848239,tf,NFO,59202,232.65,51.42,1695787006,,5764050,232.50,232.90,240,15,,,
2023-09-27 09:26:47.642557,tf,NFO,59202,232.30,51.19,1695787007,,,,,,,,,
2023-09-27 09:26:48.066907,tf,NFO,59202,232.00,50.99,1695787007,,5766780,231.45,232.00,210,90,,,
2023-09-27 09:26:48.642311,tf,NFO,59202,232.20,51.12,1695787008,,,,,,,,,
2023-09-27 09:26:49.068665,tf,NFO,59202,231.70,50.80,1695787008,,5768025,231.80,232.25,45,45,,,
2023-09-27 09:26:49.643130,tf,NFO,59202,231.55,50.70,1695787009,,,,,,,,,
2023-09-27 09:26:50.051308,tf,NFO,59202,232.05,51.03,1695787009,,5768895,231.65,232.05,15,150,,,
2023-09-27 09:26:50.643145,tf,NFO,59202,231.60,50.73,1695787010,,,,,,,,,
2023-09-27 09:26:51.248523,tf,NFO,59202,232.05,51.03,1695787011,,5770110,231.60,,105,270,,,
2023-09-27 09:26:51.653805,tf,NFO,59202,231.75,50.83,1695787011,,,,,,,,,
2023-09-27 09:26:52.251860,tf,NFO,59202,232.50,51.32,1695787012,,5771700,232.05,232.50,90,90,,,
2023-09-27 09:26:52.643766,tf,NFO,59202,232.10,51.06,1695787012,,,,,,,,,
2023-09-27 09:26:53.255513,tf,NFO,59202,231.15,50.44,1695787013,,5773185,231.15,231.65,75,225,,,
2023-09-27 09:26:53.646775,tf,NFO,59202,231.30,50.54,1695787013,,,,,,,,,
2023-09-27 09:26:54.257991,tf,NFO,59202,231.50,50.67,1695787014,230.26,5776470,231.05,231.55,210,330,,,
2023-09-27 09:26:54.644673,tf,NFO,59202,231.80,50.86,1695787014,,,,,,,,,
2023-09-27 09:26:55.455115,tf,NFO,59202,231.20,50.47,1695787015,,5777835,230.65,231.15,180,225,,,
2023-09-27 09:26:55.660638,tf,NFO,59202,231.70,50.80,1695787015,,,,,,,,,
2023-09-27 09:26:55.856112,tf,NFO,59202,231.25,50.50,1695787015,,5778690,230.90,231.40,195,195,,,
2023-09-27 09:26:56.645741,tf,NFO,59202,230.25,49.85,1695787016,,,,,,,,,
2023-09-27 09:26:56.858592,tf,NFO,59202,229.60,49.43,1695787016,,5784045,230.05,230.25,270,45,,,
2023-09-27 09:26:57.861546,tf,NFO,59202,229.00,49.04,1695787017,230.25,5788875,229.30,229.60,135,150,,,
2023-09-27 09:26:58.646472,tf,NFO,59202,230.30,49.89,1695787018,,,,,,,,,
2023-09-27 09:26:59.069023,tf,NFO,59202,230.15,49.79,1695787018,,5796735,230.15,230.65,255,390,,,
2023-09-27 09:27:00.067348,tf,NFO,59202,229.75,49.53,1695787019,,5800950,229.75,230.30,60,360,,,
2023-09-27 09:27:00.647401,tf,NFO,59202,229.95,49.66,1695787020,,,,,,,,,
2023-09-27 09:27:01.067970,tf,NFO,59202,229.55,49.40,1695787020,,5802510,229.30,229.60,15,315,,,
2023-09-27 09:27:01.663159,tf,NFO,59202,229.50,49.37,1695787021,,,,,,,,,
2023-09-27 09:27:02.262930,tf,NFO,59202,228.65,48.81,1695787022,,5804475,228.40,228.65,30,855,,,
2023-09-27 09:27:02.648012,tf,NFO,59202,228.95,49.01,1695787022,,,,,,,,,
2023-09-27 09:27:03.265422,tf,NFO,59202,228.35,48.62,1695787023,,5808525,228.20,228.70,120,210,,,
2023-09-27 09:27:04.268786,tf,NFO,59202,229.70,49.50,1695787024,,5810820,229.70,230.05,30,135,,,
2023-09-27 09:27:04.648926,tf,NFO,59202,229.10,49.11,1695787024,,,,,,,,,
2023-09-27 09:27:05.271664,tf,NFO,59202,229.80,49.56,1695787025,,5813580,229.35,229.75,45,105,,,
2023-09-27 09:27:05.651691,tf,NFO,59202,229.60,49.43,1695787025,,,,,,,,,
2023-09-27 09:27:06.469111,tf,NFO,59202,227.80,48.26,1695787026,,5825160,227.80,228.15,90,90,,,
2023-09-27 09:27:06.650047,tf,NFO,59202,227.35,47.97,1695787026,,,,,,,,,
2023-09-27 09:27:06.870723,tf,NFO,59202,228.05,48.42,1695787026,,5826570,227.75,,120,105,,,
2023-09-27 09:27:07.652412,tf,NFO,59202,227.80,48.26,1695787027,,,,,,,,,
2023-09-27 09:27:07.874281,tf,NFO,59202,228.15,48.49,1695787027,,5827845,227.95,228.25,240,90,,,
2023-09-27 09:27:08.650470,tf,NFO,59202,227.75,48.23,1695787028,,,,,,,,,
2023-09-27 09:27:09.071919,tf,NFO,59202,227.45,48.03,1695787028,230.24,5831895,227.35,227.60,15,30,,,
2023-09-27 09:27:09.666378,tf,NFO,59202,227.05,47.77,1695787029,,,,,,,,,
2023-09-27 09:27:10.075113,tf,NFO,59202,227.60,48.13,1695787029,,5836305,227.55,227.90,45,195,,,
2023-09-27 09:27:10.650870,tf,NFO,59202,227.55,48.10,1695787030,,,,,,,,,
2023-09-27 09:27:11.078438,tf,NFO,59202,227.90,48.32,1695787030,,5839080,,228.05,120,210,,,
2023-09-27 09:27:11.664892,tf,NFO,59202,228.00,48.39,1695787031,,,,,,,,,
2023-09-27 09:27:12.081128,tf,NFO,59202,228.30,48.58,1695787031,,5840430,228.30,228.60,90,,,,
2023-09-27 09:27:12.651958,tf,NFO,59202,229.60,49.43,1695787032,,,,,,,,,
2023-09-27 09:27:13.279508,tf,NFO,59202,230.30,49.89,1695787033,,5843850,230.00,230.25,390,120,,,
2023-09-27 09:27:13.668251,tf,NFO,59202,230.70,50.15,1695787033,,,,,,,,,
2023-09-27 09:27:14.283684,tf,NFO,59202,228.65,48.81,1695787034,,5848140,228.15,228.70,150,150,,,
2023-09-27 09:27:14.652857,tf,NFO,59202,227.20,47.87,1695787034,,,,,,,,,
2023-09-27 09:27:15.482162,tf,NFO,59202,228.05,48.42,1695787035,,5853435,227.65,228.10,120,390,,,
2023-09-27 09:27:15.674764,tf,NFO,59202,226.55,47.45,1695787035,,,,,,,,,
2023-09-27 09:27:15.882546,tf,NFO,59202,227.45,48.03,1695787035,,5853600,227.05,227.45,15,150,,,
2023-09-27 09:27:16.653249,tf,NFO,59202,227.70,48.19,1695787036,,,,,,,,,
2023-09-27 09:27:16.889626,tf,NFO,59202,228.65,48.81,1695787036,,5856150,228.25,228.65,900,375,,,
2023-09-27 09:27:17.671651,tf,NFO,59202,229.60,49.43,1695787037,,,,,,,,,
2023-09-27 09:27:18.085569,tf,NFO,59202,230.20,49.82,1695787037,,5860350,229.65,230.00,15,120,,,
2023-09-27 09:27:18.654245,tf,NFO,59202,229.70,49.50,1695787038,,,,,,,,,
2023-09-27 09:27:19.089286,tf,NFO,59202,228.50,48.71,1695787038,,5861280,228.45,229.00,225,870,,,
2023-09-27 09:27:19.657363,tf,NFO,59202,228.70,48.84,1695787039,,,,,,,,,
2023-09-27 09:27:20.286102,tf,NFO,59202,228.00,48.39,1695787040,230.23,5865300,227.60,228.10,255,90,,,
2023-09-27 09:27:20.654511,tf,NFO,59202,225.50,46.76,1695787040,,,,,,,,,
2023-09-27 09:27:21.291815,tf,NFO,59202,227.20,47.87,1695787041,230.21,5894490,227.70,228.00,345,15,,,
2023-09-27 09:27:21.853474,tf,NFO,59202,227.95,48.36,1695787041,,,,,,,,,
2023-09-27 09:27:22.490363,tf,NFO,59202,228.25,48.55,1695787042,,5898090,228.55,228.90,30,195,,,
2023-09-27 09:27:22.654951,tf,NFO,59202,229.00,49.04,1695787042,,,,,,,,,
2023-09-27 09:27:22.891693,tf,NFO,59202,229.30,49.24,1695787042,,5898360,229.00,229.45,300,90,,,
2023-09-27 09:27:23.673170,tf,NFO,59202,228.20,48.52,1695787043,,,,,,,,,
2023-09-27 09:27:24.655959,tf,NFO,59202,227.10,47.80,1695787044,,,,,,,,,
2023-09-27 09:27:25.093663,tf,NFO,59202,228.35,48.62,1695787044,,5904405,227.85,228.40,15,360,,,
2023-09-27 09:27:25.665112,tf,NFO,59202,228.60,48.78,1695787045,,,,,,,,,
2023-09-27 09:27:26.100079,tf,NFO,59202,228.35,48.62,1695787045,,5907315,228.00,228.35,75,45,,,
2023-09-27 09:27:26.656791,tf,NFO,59202,229.15,49.14,1695787046,,,,,,,,,
2023-09-27 09:27:27.299648,tf,NFO,59202,228.75,48.88,1695787047,,5911155,228.75,229.10,120,150,,,
2023-09-27 09:27:27.658823,tf,NFO,59202,228.40,48.65,1695787047,,,,,,,,,
2023-09-27 09:27:28.303672,tf,NFO,59202,228.35,48.62,1695787048,230.20,5914365,228.00,228.35,150,30,,,
2023-09-27 09:27:28.658353,tf,NFO,59202,228.15,48.49,1695787048,,,,,,,,,
2023-09-27 09:27:29.502149,tf,NFO,59202,228.25,48.55,1695787049,,5917410,228.35,228.80,135,120,,,
2023-09-27 09:27:29.663316,tf,NFO,59202,228.75,48.88,1695787049,,,,,,,,,
2023-09-27 09:27:29.903699,tf,NFO,59202,229.10,49.11,1695787049,,5917920,228.75,229.20,150,225,,,
2023-09-27 09:27:30.659343,tf,NFO,59202,229.60,49.43,1695787050,,,,,,,,,
2023-09-27 09:27:30.905221,tf,NFO,59202,229.85,49.59,1695787050,,5919735,229.65,229.95,,45,,,
2023-09-27 09:27:31.674035,tf,NFO,59202,230.40,49.95,1695787051,,,,,,,,,
2023-09-27 09:27:31.906596,tf,NFO,59202,230.50,50.02,1695787051,,5923815,230.30,230.75,180,15,,,
2023-09-27 09:27:32.660906,tf,NFO,59202,229.30,49.24,1695787052,,,,,,,,,
2023-09-27 09:27:32.909959,tf,NFO,59202,229.45,49.33,1695787052,,5926515,229.00,229.25,150,930,,,
2023-09-27 09:27:33.670838,tf,NFO,59202,228.30,48.58,1695787053,,,,,,,,,
2023-09-27 09:27:34.107075,tf,NFO,59202,228.20,48.52,1695787053,,5929275,227.90,228.20,30,15,,,
2023-09-27 09:27:34.660875,tf,NFO,59202,228.00,48.39,1695787054,,,,,,,,,
2023-09-27 09:27:35.115635,tf,NFO,59202,227.75,48.23,1695787055,,5931210,227.75,228.10,105,75,,,
2023-09-27 09:27:35.676382,tf,NFO,59202,227.85,48.29,1695787055,,,,,,,,,
2023-09-27 09:27:36.115721,tf,NFO,59202,227.00,47.74,1695787056,,5934795,227.00,227.20,1140,60,,,
2023-09-27 09:27:37.311357,tf,NFO,59202,226.45,47.38,1695787057,,5939580,226.60,226.85,240,,,,
2023-09-27 09:27:37.680014,tf,NFO,59202,226.65,47.51,1695787057,,,,,,,,,
2023-09-27 09:27:38.315281,tf,NFO,59202,226.00,47.09,1695787058,230.19,5942775,226.00,226.20,780,15,,,
2023-09-27 09:27:38.662944,tf,NFO,59202,226.35,47.32,1695787058,,,,,,,,,
2023-09-27 09:27:39.512855,tf,NFO,59202,225.25,46.60,1695787059,,5950200,225.00,225.30,1710,30,,,
2023-09-27 09:27:39.681772,tf,NFO,59202,223.25,45.30,1695787059,,,,,,,,,
2023-09-27 09:27:39.914716,tf,NFO,59202,223.70,45.59,1695787059,230.17,5965005,223.75,224.20,150,225,,,
2023-09-27 09:27:40.665333,tf,NFO,59202,223.45,45.43,1695787060,,,,,,,,,
2023-09-27 09:27:40.918897,tf,NFO,59202,222.85,45.04,1695787060,230.16,5977935,222.40,222.85,60,60,,,
2023-09-27 09:27:41.669836,tf,NFO,59202,221.35,44.06,1695787061,,,,,,,,,
2023-09-27 09:27:42.117153,tf,NFO,59202,221.20,43.96,1695787062,230.13,5997765,221.25,221.75,75,210,,,
2023-09-27 09:27:42.664524,tf,NFO,59202,222.45,44.78,1695787062,,,,,,,,,
2023-09-27 09:27:43.124143,tf,NFO,59202,221.65,44.26,1695787063,230.12,6004980,221.65,222.05,30,15,,,
2023-09-27 09:27:43.686321,tf,NFO,59202,223.45,45.43,1695787063,,,,,,,,,
2023-09-27 09:27:44.322711,tf,NFO,59202,225.00,46.44,1695787064,230.11,6014715,225.00,225.35,345,30,,,
2023-09-27 09:27:44.665633,tf,NFO,59202,225.10,46.50,1695787064,,,,,,,,,
2023-09-27 09:27:45.523109,tf,NFO,59202,226.55,47.45,1695787065,230.10,6024255,226.35,226.60,120,15,,,
2023-09-27 09:27:45.689704,tf,NFO,59202,226.40,47.35,1695787065,,,,,,,,,
2023-09-27 09:27:45.923402,tf,NFO,59202,226.45,47.38,1695787065,,6027540,226.55,227.00,195,270,,,
2023-09-27 09:27:46.665976,tf,NFO,59202,226.50,47.41,1695787066,,,,,,,,,
2023-09-27 09:27:46.927343,tf,NFO,59202,225.90,47.02,1695787066,,6029865,225.50,225.90,30,540,,,
2023-09-27 09:27:47.667019,tf,NFO,59202,226.05,47.12,1695787067,,,,,,,,,
2023-09-27 09:27:48.126348,tf,NFO,59202,225.70,46.89,1695787068,230.09,6033750,225.60,226.05,465,135,,,
2023-09-27 09:27:48.667033,tf,NFO,59202,225.55,46.79,1695787068,,,,,,,,,
2023-09-27 09:27:49.131299,tf,NFO,59202,225.85,46.99,1695787069,,6036630,225.70,225.80,45,45,,,
2023-09-27 09:27:49.867033,tf,NFO,59202,225.75,46.92,1695787069,,,,,,,,,
2023-09-27 09:27:50.328406,tf,NFO,59202,225.55,46.79,1695787070,,6042435,225.55,225.60,105,450,,,
2023-09-27 09:27:50.666780,tf,NFO,59202,225.60,46.83,1695787070,,,,,,,,,
2023-09-27 09:27:51.334311,tf,NFO,59202,226.55,47.45,1695787071,230.08,6047160,226.55,226.95,75,150,,,
2023-09-27 09:27:51.685368,tf,NFO,59202,227.00,47.74,1695787071,,,,,,,,,
2023-09-27 09:27:52.533156,tf,NFO,59202,226.75,47.58,1695787072,,6050040,226.70,227.10,90,,,,
2023-09-27 09:27:52.667843,tf,NFO,59202,227.15,47.84,1695787072,,,,,,,,,
2023-09-27 09:27:52.932905,tf,NFO,59202,227.70,48.19,1695787072,,6053595,227.35,227.65,225,30,,,
2023-09-27 09:27:53.671597,tf,NFO,59202,227.85,48.29,1695787073,,,,,,,,,
2023-09-27 09:27:53.937435,tf,NFO,59202,227.65,48.16,1695787073,,6056160,227.70,227.85,120,,,,
2023-09-27 09:27:54.668656,tf,NFO,59202,227.45,48.03,1695787074,,,,,,,,,
2023-09-27 09:27:55.136036,tf,NFO,59202,226.40,47.35,1695787075,,6061020,226.45,226.85,105,,,,
2023-09-27 09:27:55.868391,tf,NFO,59202,224.15,45.88,1695787075,,,,,,,,,
2023-09-27 09:27:56.139988,tf,NFO,59202,224.35,46.01,1695787076,230.07,6068745,224.45,224.50,210,15,,,
2023-09-27 09:27:56.668936,tf,NFO,59202,223.90,45.72,1695787076,,,,,,,,,
2023-09-27 09:27:57.338638,tf,NFO,59202,222.80,45.00,1695787077,,6074100,222.70,222.95,75,90,,,
2023-09-27 09:27:57.675054,tf,NFO,59202,222.75,44.97,1695787077,,,,,,,,,
2023-09-27 09:27:58.343696,tf,NFO,59202,224.30,45.98,1695787078,230.06,6078855,224.05,224.35,330,135,,,
2023-09-27 09:27:58.670716,tf,NFO,59202,224.10,45.85,1695787078,,,,,,,,,
2023-09-27 09:27:59.543722,tf,NFO,59202,224.00,45.79,1695787079,,6082380,223.85,224.05,75,60,,,
2023-09-27 09:27:59.689133,tf,NFO,59202,224.40,46.05,1695787079,,,,,,,,,
2023-09-27 09:27:59.942933,tf,NFO,59202,224.20,45.92,1695787079,,6082635,224.00,224.40,105,510,,,
2023-09-27 09:28:00.671953,tf,NFO,59202,222.40,44.74,1695787080,,,,,,,,,
2023-09-27 09:28:01.143029,tf,NFO,59202,222.90,45.07,1695787081,230.05,6089145,222.45,222.90,450,210,,,
2023-09-27 09:28:01.688772,tf,NFO,59202,222.30,44.68,1695787081,,,,,,,,,
2023-09-27 09:28:02.150153,tf,NFO,59202,221.55,44.19,1695787082,230.04,6096915,221.55,221.65,60,60,,,
2023-09-27 09:28:02.872953,tf,NFO,59202,222.05,44.52,1695787082,,,,,,,,,
2023-09-27 09:28:03.349634,tf,NFO,59202,221.75,44.32,1695787083,230.02,6107220,,221.95,45,45,,,
2023-09-27 09:28:03.691629,tf,NFO,59202,221.80,44.35,1695787083,,,,,,,,,
2023-09-27 09:28:04.550759,tf,NFO,59202,223.00,45.14,1695787084,,6112905,222.90,223.00,15,15,,,
2023-09-27 09:28:04.674311,tf,NFO,59202,223.55,45.49,1695787084,,,,,,,,,
2023-09-27 09:28:04.950260,tf,NFO,59202,223.75,45.62,1695787084,230.01,6115470,223.30,223.75,495,,,,
2023-09-27 09:28:05.690652,tf,NFO,59202,223.85,45.69,1695787085,,,,,,,,,
2023-09-27 09:28:05.955315,tf,NFO,59202,223.90,45.72,1695787085,,6120975,223.55,223.95,195,75,,,
2023-09-27 09:28:06.675386,tf,NFO,59202,224.05,45.82,1695787086,,,,,,,,,
2023-09-27 09:28:07.154914,tf,NFO,59202,224.95,46.40,1695787087,,6123420,224.35,224.55,75,45,,,
2023-09-27 09:28:07.875397,tf,NFO,59202,225.35,46.66,1695787087,,,,,,,,,
2023-09-27 09:28:08.675975,tf,NFO,59202,224.30,45.98,1695787088,,,,,,,,,
2023-09-27 09:28:09.358822,tf,NFO,59202,224.40,46.05,1695787089,,6129705,224.10,224.40,30,135,,,
2023-09-27 09:28:09.692820,tf,NFO,59202,224.25,45.95,1695787089,,,,,,,,,
2023-09-27 09:28:10.363695,tf,NFO,59202,223.95,45.75,1695787090,,6132075,223.50,223.90,90,225,,,
2023-09-27 09:28:10.677114,tf,NFO,59202,223.80,45.66,1695787090,,,,,,,,,
2023-09-27 09:28:11.562975,tf,NFO,59202,223.30,45.33,1695787091,229.99,6137970,222.65,223.00,555,120,,,
2023-09-27 09:28:11.681344,tf,NFO,59202,222.85,45.04,1695787091,,,,,,,,,
2023-09-27 09:28:11.963769,tf,NFO,59202,223.10,45.20,1695787091,,6139605,223.30,223.55,120,60,,,
2023-09-27 09:28:12.878259,tf,NFO,59202,221.90,44.42,1695787092,,,,,,,,,
2023-09-27 09:28:13.163621,tf,NFO,59202,222.00,44.48,1695787093,229.98,6147000,221.90,222.00,225,705,,,
2023-09-27 09:28:14.167961,tf,NFO,59202,222.15,44.58,1695787094,229.97,6152190,222.10,222.20,75,90,,,
2023-09-27 09:28:14.678613,tf,NFO,59202,221.90,44.42,1695787094,,,,,,,,,
2023-09-27 09:28:15.367218,tf,NFO,59202,222.00,44.48,1695787095,229.96,6159000,,222.50,15,,,,
2023-09-27 09:28:15.693329,tf,NFO,59202,222.25,44.65,1695787095,,,,,,,,,
2023-09-27 09:28:16.567780,tf,NFO,59202,223.95,45.75,1695787096,,6162225,223.95,224.35,,45,,,
2023-09-27 09:28:16.679744,tf,NFO,59202,224.95,46.40,1695787096,,,,,,,,,
2023-09-27 09:28:16.967997,tf,NFO,59202,224.15,45.88,1695787096,,6162900,223.90,224.25,45,90,,,
2023-09-27 09:28:17.683615,tf,NFO,59202,224.75,46.27,1695787097,,,,,,,,,
2023-09-27 09:28:17.973758,tf,NFO,59202,224.35,46.01,1695787097,,6165825,224.40,224.80,75,30,,,
2023-09-27 09:28:18.680956,tf,NFO,59202,224.50,46.11,1695787098,,,,,,,,,
2023-09-27 09:28:19.172432,tf,NFO,59202,224.80,46.31,1695787099,,6168945,224.65,,90,,,,
2023-09-27 09:28:19.682334,tf,NFO,59202,225.95,47.05,1695787099,,,,,,,,,
2023-09-27 09:28:20.177149,tf,NFO,59202,226.05,47.12,1695787100,229.95,6174240,225.70,226.10,,240,,,
2023-09-27 09:28:20.681283,tf,NFO,59202,225.75,46.92,1695787100,,,,,,,,,
2023-09-27 09:28:21.375602,tf,NFO,59202,226.10,47.15,1695787101,,6176655,226.20,226.50,45,105,,,
2023-09-27 09:28:21.880913,tf,NFO,59202,226.50,47.41,1695787101,,,,,,,,,
2023-09-27 09:28:22.380810,tf,NFO,59202,226.70,47.54,1695787102,,6178920,226.25,226.65,90,60,,,
2023-09-27 09:28:22.681470,tf,NFO,59202,226.20,47.22,1695787102,,,,,,,,,
2023-09-27 09:28:23.581291,tf,NFO,59202,226.55,47.45,1695787103,,6182670,226.30,226.50,75,,,,
2023-09-27 09:28:23.688302,tf,NFO,59202,225.90,47.02,1695787103,,,,,,,,,
2023-09-27 09:28:23.981594,tf,NFO,59202,226.85,47.64,1695787103,229.94,6189270,226.35,226.85,600,495,,,
2023-09-27 09:28:24.682547,tf,NFO,59202,226.25,47.25,1695787104,,,,,,,,,
2023-09-27 09:28:25.181176,tf,NFO,59202,226.00,47.09,1695787105,,6194355,225.30,225.60,150,30,,,
2023-09-27 09:28:25.682003,tf,NFO,59202,226.65,47.51,1695787105,,,,,,,,,
2023-09-27 09:28:26.186667,tf,NFO,59202,226.40,47.35,1695787106,,6199260,226.10,226.45,105,60,,,
2023-09-27 09:28:26.682888,tf,NFO,59202,226.05,47.12,1695787106,,,,,,,,,
2023-09-27 09:28:27.386547,tf,NFO,59202,226.10,47.15,1695787107,229.93,6204465,225.55,226.10,330,195,,,
2023-09-27 09:28:27.701897,tf,NFO,59202,224.90,46.37,1695787107,,,,,,,,,
2023-09-27 09:28:28.585323,tf,NFO,59202,225.95,47.05,1695787108,,6213915,,225.95,195,105,,,
2023-09-27 09:28:28.683593,tf,NFO,59202,226.00,47.09,1695787108,,,,,,,,,
2023-09-27 09:28:29.696853,tf,NFO,59202,225.20,46.57,1695787109,,,,,,,,,
2023-09-27 09:28:29.989457,tf,NFO,59202,225.35,46.66,1695787109,229.92,6223740,224.95,225.40,90,330,,,
2023-09-27 09:28:30.684223,tf,NFO,59202,225.85,46.99,1695787110,,,,,,,,,
2023-09-27 09:28:30.993556,tf,NFO,59202,225.45,46.73,1695787110,,6225780,225.60,225.90,210,45,,,
2023-09-27 09:28:31.708100,tf,NFO,59202,225.90,47.02,1695787111,,,,,,,,,
2023-09-27 09:28:32.191992,tf,NFO,59202,226.00,47.09,1695787112,,6230070,226.15,226.30,90,,,,
2023-09-27 09:28:32.685794,tf,NFO,59202,226.40,47.35,1695787112,,,,,,,,,
2023-09-27 09:28:33.196655,tf,NFO,59202,226.60,47.48,1695787113,229.91,6232110,226.50,226.80,195,60,,,
2023-09-27 09:28:33.686403,tf,NFO,59202,226.95,47.71,1695787113,,,,,,,,,
2023-09-27 09:28:34.395857,tf,NFO,59202,227.00,47.74,1695787114,,6233655,227.00,227.45,15,45,,,
2023-09-27 09:28:34.687016,tf,NFO,59202,227.20,47.87,1695787114,,,,,,,,,
2023-09-27 09:28:35.400655,tf,NFO,59202,226.90,47.67,1695787115,,6235185,226.85,226.90,75,810,,,
2023-09-27 09:28:35.700181,tf,NFO,59202,227.00,47.74,1695787115,,,,,,,,,
2023-09-27 09:28:36.601479,tf,NFO,59202,226.90,47.67,1695787116,,6237945,227.20,227.55,15,90,,,
2023-09-27 09:28:36.687887,tf,NFO,59202,227.40,48.00,1695787116,,,,,,,,,
2023-09-27 09:28:36.999625,tf,NFO,59202,226.90,47.67,1695787116,,6239355,226.60,226.95,105,60,,,
2023-09-27 09:28:37.697517,tf,NFO,59202,227.50,48.06,1695787117,,,,,,,,,
2023-09-27 09:28:38.003438,tf,NFO,59202,227.25,47.90,1695787117,,6243510,226.70,227.10,15,105,,,
2023-09-27 09:28:38.689379,tf,NFO,59202,227.05,47.77,1695787118,,,,,,,,,
2023-09-27 09:28:39.203620,tf,NFO,59202,227.70,48.19,1695787119,,6246405,227.15,227.65,315,150,,,
2023-09-27 09:28:39.689965,tf,NFO,59202,228.00,48.39,1695787119,,,,,,,,,
2023-09-27 09:28:40.207788,tf,NFO,59202,229.10,49.11,1695787120,,6250710,228.60,229.00,45,45,,,
2023-09-27 09:28:40.890334,tf,NFO,59202,228.75,48.88,1695787120,,,,,,,,,
2023-09-27 09:28:41.406698,tf,NFO,59202,229.35,49.27,1695787121,,6255690,228.75,229.15,240,105,,,
2023-09-27 09:28:41.706319,tf,NFO,59202,229.90,49.63,1695787121,,,,,,,,,
2023-09-27 09:28:42.412564,tf,NFO,59202,229.10,49.11,1695787122,,6259470,229.10,229.45,120,120,,,
2023-09-27 09:28:42.691866,tf,NFO,59202,229.40,49.30,1695787122,,,,,,,,,
2023-09-27 09:28:43.610766,tf,NFO,59202,229.85,49.59,1695787123,,6279810,229.60,229.85,90,15,,,
2023-09-27 09:28:43.703966,tf,NFO,59202,230.20,49.82,1695787123,,,,,,,,,
2023-09-27 09:28:44.010474,tf,NFO,59202,229.85,49.59,1695787123,,6281415,229.40,,300,75,,,
2023-09-27 09:28:44.693333,tf,NFO,59202,230.75,50.18,1695787124,,,,,,,,,
2023-09-27 09:28:45.014988,tf,NFO,59202,232.30,51.19,1695787124,,6284175,231.75,232.25,180,30,,,
2023-09-27 09:28:45.699254,tf,NFO,59202,232.35,51.22,1695787125,,,,,,,,,
2023-09-27 09:28:46.693310,tf,NFO,59202,232.65,51.42,1695787126,,,,,,,,,
2023-09-27 09:28:47.217853,tf,NFO,59202,232.75,51.48,1695787127,,6297555,232.75,233.25,315,105,,,
2023-09-27 09:28:47.709373,tf,NFO,59202,233.45,51.94,1695787127,,,,,,,,,
2023-09-27 09:28:48.415526,tf,NFO,59202,232.60,51.38,1695787128,229.92,6303960,232.55,232.70,210,540,,,
2023-09-27 09:28:48.694464,tf,NFO,59202,233.05,51.68,1695787128,,,,,,,,,
2023-09-27 09:28:49.420177,tf,NFO,59202,233.70,52.10,1695787129,,6312075,233.20,233.70,480,90,,,
2023-09-27 09:28:49.893860,tf,NFO,59202,232.80,51.51,1695787129,,,,,,,,,
2023-09-27 09:28:50.619444,tf,NFO,59202,231.45,50.63,1695787130,,6318330,230.75,231.30,375,180,,,
2023-09-27 09:28:50.694715,tf,NFO,59202,231.00,50.34,1695787130,,,,,,,,,
2023-09-27 09:28:51.020453,tf,NFO,59202,231.75,50.83,1695787130,,6320295,231.35,231.75,90,90,,,
2023-09-27 09:28:51.695163,tf,NFO,59202,233.10,51.71,1695787131,,,,,,,,,
2023-09-27 09:28:52.024346,tf,NFO,59202,233.45,51.94,1695787131,229.93,6324660,232.90,233.35,30,105,,,
2023-09-27 09:28:52.695851,tf,NFO,59202,231.95,50.96,1695787132,,,,,,,,,
2023-09-27 09:28:53.222799,tf,NFO,59202,231.35,50.57,1695787133,,6332040,231.55,231.70,120,480,,,
2023-09-27 09:28:53.705222,tf,NFO,59202,232.00,50.99,1695787133,,,,,,,,,
2023-09-27 09:28:54.227415,tf,NFO,59202,232.60,51.38,1695787134,,6335070,232.80,233.00,360,45,,,
2023-09-27 09:28:54.696352,tf,NFO,59202,233.90,52.23,1695787134,,,,,,,,,
2023-09-27 09:28:55.425936,tf,NFO,59202,234.60,52.68,1695787135,,6341145,234.25,234.60,405,30,,,
2023-09-27 09:28:55.896747,tf,NFO,59202,235.00,52.95,1695787135,,,,,,,,,
2023-09-27 09:28:56.431361,tf,NFO,59202,234.05,52.33,1695787136,229.95,6359370,234.05,234.45,30,300,,,
2023-09-27 09:28:56.696718,tf,NFO,59202,233.15,51.74,1695787136,,,,,,,,,
2023-09-27 09:28:57.697816,tf,NFO,59202,233.40,51.90,1695787137,,,,,,,,,
2023-09-27 09:28:58.031057,tf,NFO,59202,232.80,51.51,1695787137,,6369975,232.95,233.40,180,60,,,
2023-09-27 09:28:58.697315,tf,NFO,59202,233.65,52.07,1695787138,,,,,,,,,
2023-09-27 09:28:59.036418,tf,NFO,59202,233.60,52.03,1695787138,229.96,6375495,233.60,234.05,345,30,,,
2023-09-27 09:28:59.715888,tf,NFO,59202,233.45,51.94,1695787139,,,,,,,,,
2023-09-27 09:29:00.235545,tf,NFO,59202,232.65,51.42,1695787140,,6377970,232.55,232.80,15,15,,,
2023-09-27 09:29:00.698145,tf,NFO,59202,232.55,51.35,1695787140,,,,,,,,,
2023-09-27 09:29:01.434139,tf,NFO,59202,232.95,51.61,1695787141,,6383655,232.40,232.65,135,,,,
2023-09-27 09:29:01.898208,tf,NFO,59202,233.65,52.07,1695787141,,,,,,,,,
2023-09-27 09:29:02.440536,tf,NFO,59202,232.05,51.03,1695787142,,6389175,231.55,231.95,,45,,,
2023-09-27 09:29:02.698365,tf,NFO,59202,230.80,50.21,1695787142,,,,,,,,,
2023-09-27 09:29:03.639713,tf,NFO,59202,229.80,49.56,1695787143,,6403980,229.80,230.15,210,30,,,
2023-09-27 09:29:03.699682,tf,NFO,59202,230.30,49.89,1695787143,,,,,,,,,
2023-09-27 09:29:04.039469,tf,NFO,59202,231.00,50.34,1695787143,,6404970,230.75,231.00,315,135,,,
2023-09-27 09:29:04.699042,tf,NFO,59202,232.00,50.99,1695787144,,,,,,,,,
2023-09-27 09:29:05.044594,tf,NFO,59202,231.50,50.67,1695787144,,6410070,231.60,232.10,240,375,,,
2023-09-27 09:29:05.702841,tf,NFO,59202,231.25,50.50,1695787145,,,,,,,,,
2023-09-27 09:29:06.244050,tf,NFO,59202,232.30,51.19,1695787146,229.97,6415755,231.85,232.35,135,990,,,
2023-09-27 09:29:06.900312,tf,NFO,59202,232.60,51.38,1695787146,,,,,,,,,
2023-09-27 09:29:07.442645,tf,NFO,59202,232.90,51.58,1695787147,,6416850,232.35,232.80,450,30,,,
2023-09-27 09:29:07.708405,tf,NFO,59202,232.50,51.32,1695787147,,,,,,,,,
2023-09-27 09:29:08.447657,tf,NFO,59202,232.20,51.12,1695787148,,6420675,232.05,232.20,105,870,,,
2023-09-27 09:29:08.701812,tf,NFO,59202,231.60,50.73,1695787148,,,,,,,,,
2023-09-27 09:29:09.651156,tf,NFO,59202,231.95,50.96,1695787149,,6422865,231.50,231.90,15,300,,,
2023-09-27 09:29:09.709111,tf,NFO,59202,231.90,50.93,1695787149,,,,,,,,,
2023-09-27 09:29:10.047066,tf,NFO,59202,231.80,50.86,1695787149,,6423120,231.35,231.75,195,150,,,
2023-09-27 09:29:11.717728,tf,NFO,59202,232.20,51.12,1695787151,,,,,,,,,
2023-09-27 09:29:12.252296,tf,NFO,59202,232.50,51.32,1695787152,,6436380,232.50,232.90,45,240,,,
2023-09-27 09:29:12.904627,tf,NFO,59202,232.60,51.38,1695787152,,,,,,,,,
2023-09-27 09:29:13.254440,tf,NFO,59202,232.25,51.16,1695787153,,6441960,232.15,232.35,,60,,,
2023-09-27 09:29:13.749399,tf,NFO,59202,231.40,50.60,1695787153,,,,,,,,,
2023-09-27 09:29:14.707561,tf,NFO,59202,231.90,50.93,1695787154,,,,,,,,,
2023-09-27 09:29:15.458929,tf,NFO,59202,232.45,51.29,1695787155,,6451230,232.10,232.50,180,75,,,
2023-09-27 09:29:15.717019,tf,NFO,59202,232.25,51.16,1695787155,,,,,,,,,
2023-09-27 09:29:16.659176,tf,NFO,59202,232.45,51.29,1695787156,,6454305,231.95,232.40,165,30,,,
2023-09-27 09:29:16.707102,tf,NFO,59202,231.95,50.96,1695787156,,,,,,,,,
2023-09-27 09:29:17.065174,tf,NFO,59202,232.45,51.29,1695787156,,6455520,231.85,232.00,30,255,,,
2023-09-27 09:29:17.907785,tf,NFO,59202,232.70,51.45,1695787157,,,,,,,,,
2023-09-27 09:29:18.064746,tf,NFO,59202,232.00,50.99,1695787157,,6460170,232.00,232.40,150,165,,,
2023-09-27 09:29:18.708953,tf,NFO,59202,232.55,51.35,1695787158,,,,,,,,,
2023-09-27 09:29:19.063993,tf,NFO,59202,232.95,51.61,1695787158,,6461940,232.50,232.95,435,45,,,
2023-09-27 09:29:19.713335,tf,NFO,59202,232.90,51.58,1695787159,,,,,,,,,
2023-09-27 09:29:20.065028,tf,NFO,59202,233.35,51.87,1695787159,,6470325,233.05,233.35,195,150,,,
2023-09-27 09:29:20.709390,tf,NFO,59202,233.50,51.97,1695787160,,,,,,,,,
2023-09-27 09:29:21.067826,tf,NFO,59202,234.00,52.29,1695787160,,6471465,233.55,233.95,120,300,,,
2023-09-27 09:29:21.721941,tf,NFO,59202,233.40,51.90,1695787161,,,,,,,,,
2023-09-27 09:29:22.070155,tf,NFO,59202,233.30,51.84,1695787161,229.99,6474540,233.30,,315,930,,,
2023-09-27 09:29:22.710250,tf,NFO,59202,232.70,51.45,1695787162,,,,,,,,,
2023-09-27 09:29:23.267642,tf,NFO,59202,233.85,52.20,1695787163,,6477585,233.40,233.80,90,45,,,
2023-09-27 09:29:23.724517,tf,NFO,59202,233.20,51.77,1695787163,,,,,,,,,
2023-09-27 09:29:24.271321,tf,NFO,59202,232.20,51.12,1695787164,,6482235,231.55,232.05,30,105,,,
2023-09-27 09:29:24.711440,tf,NFO,59202,231.40,50.60,1695787164,,,,,,,,,
2023-09-27 09:29:25.274591,tf,NFO,59202,232.15,51.09,1695787165,,6486135,231.50,232.00,390,45,,,
2023-09-27 09:29:25.723277,tf,NFO,59202,232.05,51.03,1695787165,,,,,,,,,
2023-09-27 09:29:26.473337,tf,NFO,59202,231.15,50.44,1695787166,,6488940,231.15,231.35,45,75,,,
2023-09-27 09:29:26.713276,tf,NFO,59202,231.25,50.50,1695787166,,,,,,,,,
2023-09-27 09:29:27.478527,tf,NFO,59202,230.95,50.31,1695787167,,6494700,230.80,231.30,750,45,,,
2023-09-27 09:29:27.725027,tf,NFO,59202,231.45,50.63,1695787167,,,,,,,,,
2023-09-27 09:29:28.675398,tf,NFO,59202,231.60,50.73,1695787168,,6499680,231.15,231.60,30,750,,,
2023-09-27 09:29:28.712819,tf,NFO,59202,231.55,50.70,1695787168,,,,,,,,,
2023-09-27 09:29:29.075753,tf,NFO,59202,231.50,50.67,1695787168,,6500295,231.00,231.55,120,345,,,
2023-09-27 09:29:29.723505,tf,NFO,59202,231.65,50.76,1695787169,,,,,,,,,
2023-09-27 09:29:30.080285,tf,NFO,59202,231.90,50.93,1695787169,,6503370,231.85,232.35,180,240,,,
2023-09-27 09:29:30.714037,tf,NFO,59202,232.95,51.61,1695787170,,,,,,,,,
2023-09-27 09:29:31.083719,tf,NFO,59202,232.05,51.03,1695787170,230.00,6506970,231.60,232.05,45,405,,,
2023-09-27 09:29:31.714010,tf,NFO,59202,231.70,50.80,1695787171,,,,,,,,,
2023-09-27 09:29:32.281343,tf,NFO,59202,232.35,51.22,1695787172,,6509475,231.85,232.30,105,105,,,
2023-09-27 09:29:32.715062,tf,NFO,59202,232.70,51.45,1695787172,,,,,,,,,
2023-09-27 09:29:33.284707,tf,NFO,59202,232.25,51.16,1695787173,,6511035,232.25,232.60,15,195,,,
2023-09-27 09:29:33.717165,tf,NFO,59202,232.60,51.38,1695787173,,,,,,,,,
2023-09-27 09:29:34.289778,tf,NFO,59202,233.55,52.00,1695787174,,6515775,233.60,233.90,30,150,,,
2023-09-27 09:29:34.715301,tf,NFO,59202,232.95,51.61,1695787174,,,,,,,,,
2023-09-27 09:29:35.488311,tf,NFO,59202,232.00,50.99,1695787175,,6519060,232.00,232.60,375,795,,,
2023-09-27 09:29:35.719927,tf,NFO,59202,231.95,50.96,1695787175,,,,,,,,,
2023-09-27 09:29:36.492542,tf,NFO,59202,232.60,51.38,1695787176,,6520395,232.75,233.00,555,165,,,
2023-09-27 09:29:36.716523,tf,NFO,59202,233.10,51.71,1695787176,,,,,,,,,
2023-09-27 09:29:37.690030,tf,NFO,59202,234.00,52.29,1695787177,,6526020,234.25,234.65,600,60,,,
2023-09-27 09:29:37.715502,tf,NFO,59202,234.25,52.46,1695787177,,,,,,,,,
2023-09-27 09:29:38.091938,tf,NFO,59202,234.50,52.62,1695787177,,6527160,234.20,,,105,,,
2023-09-27 09:29:38.715725,tf,NFO,59202,234.80,52.81,1695787178,,,,,,,,,
2023-09-27 09:29:39.095017,tf,NFO,59202,234.50,52.62,1695787178,230.02,6542205,234.05,234.50,105,210,,,
2023-09-27 09:29:39.726463,tf,NFO,59202,234.15,52.39,1695787179,,,,,,,,,
2023-09-27 09:29:40.097627,tf,NFO,59202,234.75,52.78,1695787179,,6545880,234.65,235.10,285,180,,,
2023-09-27 09:29:41.296559,tf,NFO,59202,234.60,52.68,1695787181,,6550125,,235.00,165,90,,,
2023-09-27 09:29:41.722864,tf,NFO,59202,234.65,52.72,1695787181,,,,,,,,,
2023-09-27 09:29:42.299377,tf,NFO,59202,235.90,53.53,1695787182,230.03,6558360,235.65,236.00,465,60,,,
2023-09-27 09:29:42.717346,tf,NFO,59202,235.70,53.40,1695787182,,,,,,,,,
2023-09-27 09:29:43.303414,tf,NFO,59202,237.50,54.57,1695787183,,6563985,237.30,237.55,240,30,,,
2023-09-27 09:29:43.719319,tf,NFO,59202,236.55,53.95,1695787183,,,,,,,,,
2023-09-27 09:29:44.305846,tf,NFO,59202,235.95,53.56,1695787184,230.04,6568560,235.60,235.95,15,180,,,
2023-09-27 09:29:44.718911,tf,NFO,59202,236.55,53.95,1695787184,,,,,,,,,
2023-09-27 09:29:45.503903,tf,NFO,59202,237.55,54.60,1695787185,,6573630,237.20,237.60,420,480,,,
2023-09-27 09:29:45.729955,tf,NFO,59202,237.15,54.34,1695787185,,,,,,,2325210,,
2023-09-27 09:29:46.508266,tf,NFO,59202,237.95,54.86,1695787186,230.05,6580530,237.75,237.95,165,60,,,
2023-09-27 09:29:46.720045,tf,NFO,59202,238.90,55.48,1695787186,,,,,,,,,
2023-09-27 09:29:47.722463,tf,NFO,59202,236.80,54.12,1695787187,230.07,6592605,236.70,237.15,120,255,,,
2023-09-27 09:29:48.106463,tf,NFO,59202,238.00,54.90,1695787187,,6597495,238.05,238.40,105,210,,,
2023-09-27 09:29:48.720752,tf,NFO,59202,237.15,54.34,1695787188,,,,,,,,,
2023-09-27 09:29:49.579794,tf,NFO,59202,236.75,54.08,1695787189,230.12,6633135,236.50,236.75,45,45,,,
2023-09-27 09:29:49.777889,tf,NFO,59202,237.15,54.34,1695787189,,,,,,,,,
2023-09-27 09:29:50.117033,tf,NFO,59202,236.95,54.21,1695787190,230.13,6640800,236.90,236.95,90,90,,,
2023-09-27 09:29:50.721853,tf,NFO,59202,238.60,55.29,1695787190,,,,,,,,,
2023-09-27 09:29:51.314267,tf,NFO,59202,237.70,54.70,1695787191,230.14,6648510,237.20,237.70,120,300,,,
2023-09-27 09:29:51.726576,tf,NFO,59202,238.45,55.19,1695787191,,,,,,,,,
2023-09-27 09:29:52.514438,tf,NFO,59202,239.75,56.04,1695787192,230.15,6657165,239.50,239.85,600,30,,,
2023-09-27 09:29:52.921337,tf,NFO,59202,240.80,56.72,1695787192,,,,,,,,,
2023-09-27 09:29:53.521113,tf,NFO,59202,241.00,56.85,1695787193,230.16,6664635,240.65,240.90,315,45,,,
2023-09-27 09:29:53.721945,tf,NFO,59202,240.75,56.69,1695787193,,,,,,,,,
2023-09-27 09:29:54.720979,tf,NFO,59202,240.55,56.56,1695787194,230.19,6683340,240.35,240.70,135,30,,,
2023-09-27 09:29:55.122013,tf,NFO,59202,241.00,56.85,1695787195,230.21,6692985,240.30,240.60,120,75,,,
2023-09-27 09:29:55.724034,tf,NFO,59202,239.85,56.10,1695787195,,,,,,,,,
2023-09-27 09:29:56.125101,tf,NFO,59202,239.10,55.61,1695787196,230.22,6702930,239.20,239.40,15,45,,,
2023-09-27 09:29:56.723252,tf,NFO,59202,238.90,55.48,1695787196,,,,,,,,,
2023-09-27 09:29:57.325400,tf,NFO,59202,237.60,54.64,1695787197,230.25,6723705,237.60,238.05,435,,,,
2023-09-27 09:29:57.724394,tf,NFO,59202,238.25,55.06,1695787197,,,,,,,,,
2023-09-27 09:29:58.524329,tf,NFO,59202,236.50,53.92,1695787198,230.27,6737430,236.20,236.35,210,30,,,
2023-09-27 09:29:58.724624,tf,NFO,59202,236.05,53.63,1695787198,,,,,,,,,
2023-09-27 09:29:59.529901,tf,NFO,59202,236.90,54.18,1695787199,230.28,6750255,237.05,237.35,165,75,,,
2023-09-27 09:29:59.725646,tf,NFO,59202,237.35,54.47,1695787199,,,,,,,,,
2023-09-27 09:30:00.726393,tf,NFO,59202,240.40,56.46,1695787200,,,,,,,,,
2023-09-27 09:30:01.130483,tf,NFO,59202,240.15,56.30,1695787201,,6759975,239.65,240.10,180,30,,,
2023-09-27 09:30:01.726927,tf,NFO,59202,239.05,55.58,1695787201,,,,,,,,,
2023-09-27 09:30:02.135346,tf,NFO,59202,239.35,55.78,1695787202,230.30,6767865,238.85,239.30,90,,,,
2023-09-27 09:30:02.730224,tf,NFO,59202,239.95,56.17,1695787202,,,,,,,,,
2023-09-27 09:30:03.334353,tf,NFO,59202,239.20,55.68,1695787203,230.32,6778980,238.60,239.05,420,75,,,
2023-09-27 09:30:03.727291,tf,NFO,59202,238.70,55.35,1695787203,,,,,,,,,
2023-09-27 09:30:04.341006,tf,NFO,59202,236.15,53.69,1695787204,,6783570,236.20,236.60,15,120,,,
2023-09-27 09:30:04.727951,tf,NFO,59202,235.85,53.50,1695787204,,,,,,,,,
2023-09-27 09:30:05.538530,tf,NFO,59202,235.90,53.53,1695787205,230.33,6790965,235.80,236.10,240,75,,,
2023-09-27 09:30:05.729026,tf,NFO,59202,236.30,53.79,1695787205,,,,,,,,,
2023-09-27 09:30:06.729615,tf,NFO,59202,236.05,53.63,1695787206,,,,,,,,,
2023-09-27 09:30:07.138910,tf,NFO,59202,235.60,53.34,1695787207,,6798705,235.40,235.70,,45,,,
2023-09-27 09:30:07.730803,tf,NFO,59202,236.00,53.60,1695787207,,,,,,,,,
2023-09-27 09:30:08.144298,tf,NFO,59202,236.70,54.05,1695787208,230.34,6802875,236.50,236.75,165,,,,
2023-09-27 09:30:08.730338,tf,NFO,59202,238.05,54.93,1695787208,,,,,,,,,
2023-09-27 09:30:09.344235,tf,NFO,59202,238.15,55.00,1695787209,,6806055,237.75,238.15,150,90,,,
2023-09-27 09:30:09.730906,tf,NFO,59202,237.80,54.77,1695787209,,,,,,,,,
2023-09-27 09:30:10.365033,tf,NFO,59202,238.60,55.29,1695787210,,6808425,238.20,238.50,60,,,,
2023-09-27 09:30:10.731524,tf,NFO,59202,239.40,55.81,1695787210,,,,,,,,,
2023-09-27 09:30:11.549142,tf,NFO,59202,237.60,54.64,1695787211,230.35,6813135,237.55,237.90,30,30,,,
2023-09-27 09:30:11.731452,tf,NFO,59202,237.55,54.60,1695787211,,,,,,,,,
2023-09-27 09:30:12.732288,tf,NFO,59202,236.55,53.95,1695787212,,,,,,,,,
2023-09-27 09:30:13.149007,tf,NFO,59202,236.35,53.82,1695787213,,6817575,236.15,236.35,,45,,,
2023-09-27 09:30:13.732593,tf,NFO,59202,236.10,53.66,1695787213,,,,,,,,,
2023-09-27 09:30:14.153582,tf,NFO,59202,235.80,53.47,1695787214,,6819795,235.40,235.80,,180,,,
2023-09-27 09:30:14.732911,tf,NFO,59202,236.20,53.73,1695787214,,,,,,,,,
2023-09-27 09:30:15.157165,tf,NFO,59202,237.20,54.38,1695787215,230.36,6827025,237.50,237.85,60,150,,,
2023-09-27 09:30:15.733394,tf,NFO,59202,237.05,54.28,1695787215,,,,,,,,,
2023-09-27 09:30:16.376250,tf,NFO,59202,236.30,53.79,1695787216,,6829680,236.30,236.70,300,15,,,
2023-09-27 09:30:16.733902,tf,NFO,59202,237.95,54.86,1695787216,,,,,,,,,
2023-09-27 09:30:17.556752,tf,NFO,59202,236.05,53.63,1695787217,230.37,6832515,236.05,236.60,270,195,,,
2023-09-27 09:30:17.734105,tf,NFO,59202,236.25,53.76,1695787217,,,,,,,,,
2023-09-27 09:30:18.561058,tf,NFO,59202,235.90,53.53,1695787218,,6836010,235.40,235.85,330,135,,,
2023-09-27 09:30:18.734794,tf,NFO,59202,235.95,53.56,1695787218,,,,,,,,,
2023-09-27 09:30:19.734713,tf,NFO,59202,235.25,53.11,1695787219,,,,,,,,,
2023-09-27 09:30:19.760151,tf,NFO,59202,235.00,52.95,1695787219,230.38,6846015,235.00,235.15,30,180,,,
2023-09-27 09:30:20.160607,tf,NFO,59202,235.65,53.37,1695787220,,6850110,235.30,235.70,90,120,,,
2023-09-27 09:30:20.735295,tf,NFO,59202,235.70,53.40,1695787220,,,,,,,,,
2023-09-27 09:30:21.166263,tf,NFO,59202,234.75,52.78,1695787221,,6855555,234.85,235.25,,30,,,
2023-09-27 09:30:21.735984,tf,NFO,59202,235.35,53.17,1695787221,,,,,,,,,
2023-09-27 09:30:22.365175,tf,NFO,59202,237.00,54.25,1695787222,230.39,6858555,236.75,237.00,30,60,,,
2023-09-27 09:30:22.735535,tf,NFO,59202,236.65,54.02,1695787222,,,,,,,,,
2023-09-27 09:30:23.367174,tf,NFO,59202,236.35,53.82,1695787223,,6862830,235.95,236.35,120,30,,,
2023-09-27 09:30:23.751907,tf,NFO,59202,236.30,53.79,1695787223,,,,,,,,,
2023-09-27 09:30:24.370532,tf,NFO,59202,235.70,53.40,1695787224,,6865605,235.25,235.75,375,225,,,
2023-09-27 09:30:24.736358,tf,NFO,59202,235.85,53.50,1695787224,,,,,,,,,
2023-09-27 09:30:25.375027,tf,NFO,59202,235.90,53.53,1695787225,,6866655,235.85,236.25,180,105,,,
2023-09-27 09:30:25.737335,tf,NFO,59202,236.15,53.69,1695787225,,,,,,,,,
2023-09-27 09:30:26.573127,tf,NFO,59202,235.00,52.95,1695787226,,6869370,235.00,235.20,705,90,,,
2023-09-27 09:30:26.737412,tf,NFO,59202,234.90,52.88,1695787226,,,,,,,,,
2023-09-27 09:30:27.577567,tf,NFO,59202,234.75,52.78,1695787227,230.40,6872475,234.50,234.75,180,105,,,
2023-09-27 09:30:27.737777,tf,NFO,59202,234.50,52.62,1695787227,,,,,,,,,
2023-09-27 09:30:28.738049,tf,NFO,59202,233.75,52.13,1695787228,,,,,,,,,
2023-09-27 09:30:28.778080,tf,NFO,59202,233.70,52.10,1695787228,,6876315,233.40,233.90,495,30,,,
2023-09-27 09:30:29.178656,tf,NFO,59202,233.85,52.20,1695787229,,6877590,233.00,233.50,720,510,,,
2023-09-27 09:30:29.739493,tf,NFO,59202,232.20,51.12,1695787229,,,,,,,,,
2023-09-27 09:30:30.184291,tf,NFO,59202,233.05,51.68,1695787230,,6879585,,233.30,225,120,,,
2023-09-27 09:30:30.738877,tf,NFO,59202,232.00,50.99,1695787230,,,,,,,,,
2023-09-27 09:30:31.383022,tf,NFO,59202,231.70,50.80,1695787231,,6888120,231.35,231.75,90,75,,,
2023-09-27 09:30:31.739191,tf,NFO,59202,231.60,50.73,1695787231,,,,,,,,,
2023-09-27 09:30:32.583673,tf,NFO,59202,232.85,51.55,1695787232,,6895230,232.85,233.30,150,645,,,
2023-09-27 09:30:32.739694,tf,NFO,59202,233.10,51.71,1695787232,,,,,,,,,
2023-09-27 09:30:33.589022,tf,NFO,59202,233.05,51.68,1695787233,,6897090,232.75,233.05,15,15,,,
2023-09-27 09:30:33.741882,tf,NFO,59202,232.75,51.48,1695787233,,,,,,,,,
2023-09-27 09:30:34.742571,tf,NFO,59202,233.25,51.81,1695787234,,,,,,,,,
2023-09-27 09:30:34.790469,tf,NFO,59202,233.50,51.97,1695787234,230.41,6898290,233.05,233.50,105,570,,,
2023-09-27 09:30:35.190123,tf,NFO,59202,232.60,51.38,1695787235,,6898770,232.55,233.05,15,495,,,
2023-09-27 09:30:35.745556,tf,NFO,59202,232.90,51.58,1695787235,,,,,,,,,
2023-09-27 09:30:36.388006,tf,NFO,59202,233.40,51.90,1695787236,,6901755,233.00,233.40,135,75,,,
2023-09-27 09:30:36.741562,tf,NFO,59202,232.95,51.61,1695787236,,,,,,,,,
2023-09-27 09:30:37.393412,tf,NFO,59202,233.25,51.81,1695787237,,6903780,233.05,233.25,75,,,,
2023-09-27 09:30:37.742178,tf,NFO,59202,232.95,51.61,1695787237,,,,,,,,,
2023-09-27 09:30:38.591879,tf,NFO,59202,234.50,52.62,1695787238,,6912900,234.10,234.50,105,30,,,
2023-09-27 09:30:38.742658,tf,NFO,59202,234.05,52.33,1695787238,,,,,,,,,
2023-09-27 09:30:39.597996,tf,NFO,59202,234.85,52.85,1695787239,,6915990,234.80,235.20,,300,,,
2023-09-27 09:30:39.742602,tf,NFO,59202,234.75,52.78,1695787239,,,,,,,,,
2023-09-27 09:30:40.744196,tf,NFO,59202,233.55,52.00,1695787240,,,,,,,,,
2023-09-27 09:30:41.196529,tf,NFO,59202,234.00,52.29,1695787241,,6918240,233.65,234.00,180,870,,,
2023-09-27 09:30:41.745405,tf,NFO,59202,235.05,52.98,1695787241,,,,,,,,,
2023-09-27 09:30:42.201637,tf,NFO,59202,234.55,52.65,1695787242,230.42,6919725,234.15,234.55,255,90,,,
2023-09-27 09:30:42.743547,tf,NFO,59202,234.50,52.62,1695787242,,,,,,,,,
2023-09-27 09:30:43.203982,tf,NFO,59202,234.30,52.49,1695787243,,6920520,234.40,234.85,105,45,,,
2023-09-27 09:30:43.747192,tf,NFO,59202,234.35,52.52,1695787243,,,,,,,,,
2023-09-27 09:30:44.399560,tf,NFO,59202,234.60,52.68,1695787244,,6922770,234.10,234.60,645,120,,,
2023-09-27 09:30:44.743683,tf,NFO,59202,235.45,53.24,1695787244,,,,,,,,,
2023-09-27 09:30:45.404746,tf,NFO,59202,235.40,53.21,1695787245,,6924795,234.70,235.15,30,150,,,
2023-09-27 09:30:46.604445,tf,NFO,59202,234.10,52.36,1695787246,,6927525,233.85,234.15,,,,,
2023-09-27 09:30:46.744702,tf,NFO,59202,233.65,52.07,1695787246,,,,,,,,,
2023-09-27 09:30:47.608138,tf,NFO,59202,234.45,52.59,1695787247,,6929505,234.00,234.45,735,30,,,
2023-09-27 09:30:48.611477,tf,NFO,59202,233.95,52.26,1695787248,,6931725,233.90,234.40,60,180,,,
2023-09-27 09:30:49.748971,tf,NFO,59202,234.25,52.46,1695787249,,,,,,,,,
2023-09-27 09:30:49.809907,tf,NFO,59202,233.80,52.16,1695787249,,6933150,233.75,234.25,315,60,,,
2023-09-27 09:30:50.209323,tf,NFO,59202,233.55,52.00,1695787250,,6933330,233.55,233.95,390,15,,,
2023-09-27 09:30:50.746149,tf,NFO,59202,234.00,52.29,1695787250,,,,,,,,,
2023-09-27 09:30:51.211700,tf,NFO,59202,234.30,52.49,1695787251,230.43,6938580,234.10,234.50,60,315,,,
2023-09-27 09:30:51.749047,tf,NFO,59202,233.65,52.07,1695787251,,,,,,,,,
2023-09-27 09:30:52.214092,tf,NFO,59202,233.10,51.71,1695787252,,6940080,233.05,233.50,30,60,,,
2023-09-27 09:30:52.747033,tf,NFO,59202,234.65,52.72,1695787252,,,,,,,,,
2023-09-27 09:30:53.217124,tf,NFO,59202,235.10,53.01,1695787253,,6943965,235.05,235.45,,105,,,
2023-09-27 09:30:53.747137,tf,NFO,59202,234.25,52.46,1695787253,,,,,,,,,
2023-09-27 09:30:54.415562,tf,NFO,59202,234.00,52.29,1695787254,,6946140,234.00,234.20,585,150,,,
2023-09-27 09:30:54.748031,tf,NFO,59202,234.25,52.46,1695787254,,,,,,,,,
2023-09-27 09:30:55.418289,tf,NFO,59202,234.40,52.55,1695787255,,6947475,,234.40,570,15,,,
2023-09-27 09:30:55.748439,tf,NFO,59202,234.70,52.75,1695787255,,,,,,,,,
2023-09-27 09:30:56.421635,tf,NFO,59202,234.65,52.72,1695787256,,6948615,234.35,234.70,150,30,,,
2023-09-27 09:30:56.749976,tf,NFO,59202,234.05,52.33,1695787256,,,,,,,,,
2023-09-27 09:30:57.620305,tf,NFO,59202,234.25,52.46,1695787257,,6950865,234.00,234.25,555,15,,,
2023-09-27 09:30:57.750520,tf,NFO,59202,234.45,52.59,1695787257,,,,,,,,,
2023-09-27 09:30:58.623947,tf,NFO,59202,233.90,52.23,1695787258,230.44,6955755,233.90,234.40,450,,,,
2023-09-27 09:30:58.750548,tf,NFO,59202,234.40,52.55,1695787258,,,,,,,,,
2023-09-27 09:30:59.820730,tf,NFO,59202,233.95,52.26,1695787259,,6957300,233.85,234.30,105,105,,,
2023-09-27 09:31:00.221543,tf,NFO,59202,234.20,52.42,1695787260,,6958185,234.20,234.45,30,315,,,
2023-09-27 09:31:00.751810,tf,NFO,59202,234.25,52.46,1695787260,,,,,,,,,
2023-09-27 09:31:01.223209,tf,NFO,59202,233.80,52.16,1695787261,,6959910,233.80,234.20,75,30,,,
2023-09-27 09:31:01.752500,tf,NFO,59202,233.35,51.87,1695787261,,,,,,,,,
2023-09-27 09:31:02.226884,tf,NFO,59202,233.00,51.64,1695787262,,6965715,233.00,233.15,735,150,,,
2023-09-27 09:31:02.753821,tf,NFO,59202,232.00,50.99,1695787262,,,,,,,,,
2023-09-27 09:31:03.230549,tf,NFO,59202,232.95,51.61,1695787263,,6971475,232.95,233.40,90,375,,,
2023-09-27 09:31:03.754203,tf,NFO,59202,233.35,51.87,1695787263,,,,,,,,,
2023-09-27 09:31:04.431031,tf,NFO,59202,232.40,51.25,1695787264,,6975270,231.75,232.20,30,315,,,
2023-09-27 09:31:04.754071,tf,NFO,59202,231.05,50.37,1695787264,,,,,,,,,
2023-09-27 09:31:05.628806,tf,NFO,59202,232.05,51.03,1695787265,,7000500,232.05,232.40,90,105,,,
2023-09-27 09:31:05.756517,tf,NFO,59202,231.50,50.67,1695787265,,,,,,,,,
2023-09-27 09:31:06.634359,tf,NFO,59202,231.80,50.86,1695787266,,7003800,231.35,231.80,60,195,,,
2023-09-27 09:31:06.757080,tf,NFO,59202,231.35,50.57,1695787266,,,,,,,,,
2023-09-27 09:31:07.755746,tf,NFO,59202,234.00,52.29,1695787267,,,,,,,,,
2023-09-27 09:31:08.233352,tf,NFO,59202,234.55,52.65,1695787268,,7009980,234.55,235.00,45,1530,,,
2023-09-27 09:31:08.755899,tf,NFO,59202,233.45,51.94,1695787268,,,,,,,,,
2023-09-27 09:31:09.237580,tf,NFO,59202,233.80,52.16,1695787269,,7015365,233.75,234.05,105,75,,,
2023-09-27 09:31:09.756675,tf,NFO,59202,234.20,52.42,1695787269,,,,,,,,,
2023-09-27 09:31:10.435855,tf,NFO,59202,235.20,53.08,1695787270,,7020915,235.10,235.40,,615,,,
2023-09-27 09:31:10.757362,tf,NFO,59202,235.05,52.98,1695787270,,,,,,,,,
2023-09-27 09:31:11.438797,tf,NFO,59202,234.30,52.49,1695787271,,7023000,233.85,234.35,480,195,,,
2023-09-27 09:31:11.757582,tf,NFO,59202,234.45,52.59,1695787271,,,,,,,,,
2023-09-27 09:31:12.442987,tf,NFO,59202,235.15,53.04,1695787272,,7024440,235.15,235.40,150,45,,,
2023-09-27 09:31:12.758083,tf,NFO,59202,235.45,53.24,1695787272,,,,,,,,,
2023-09-27 09:31:13.659334,tf,NFO,59202,235.95,53.56,1695787273,230.46,7027035,235.65,236.00,15,1065,,,
2023-09-27 09:31:13.758699,tf,NFO,59202,236.00,53.60,1695787273,,,,,,,,,
2023-09-27 09:31:14.759725,tf,NFO,59202,236.25,53.76,1695787274,,,,,,,,,
2023-09-27 09:31:14.840901,tf,NFO,59202,235.95,53.56,1695787274,,7029825,235.45,235.85,240,180,,,
2023-09-27 09:31:15.241429,tf,NFO,59202,236.10,53.66,1695787275,,7030500,236.10,236.50,15,1035,,,
2023-09-27 09:31:15.759580,tf,NFO,59202,236.70,54.05,1695787275,,,,,,,,,
2023-09-27 09:31:16.245816,tf,NFO,59202,236.45,53.89,1695787276,,7033110,236.00,236.40,,345,,,
2023-09-27 09:31:16.759459,tf,NFO,59202,235.80,53.47,1695787276,,,,,,,,,
2023-09-27 09:31:17.249533,tf,NFO,59202,234.90,52.88,1695787277,230.47,7037730,234.65,234.95,330,60,,,
2023-09-27 09:31:17.807838,tf,NFO,59202,236.20,53.73,1695787277,,,,,,,,,
2023-09-27 09:31:18.447299,tf,NFO,59202,236.15,53.69,1695787278,,7043970,236.00,236.15,75,30,,,
2023-09-27 09:31:18.760307,tf,NFO,59202,236.40,53.86,1695787278,,,,,,,,,
2023-09-27 09:31:19.468233,tf,NFO,59202,235.05,52.98,1695787279,,7047495,234.65,234.90,150,15,,,
2023-09-27 09:31:19.760857,tf,NFO,59202,235.00,52.95,1695787279,,,,,,,,,
2023-09-27 09:31:20.651357,tf,NFO,59202,235.40,53.21,1695787280,,7050240,235.10,235.50,360,135,,,
2023-09-27 09:31:20.761110,tf,NFO,59202,235.50,53.27,1695787280,,,,,,,,,
2023-09-27 09:31:21.655137,tf,NFO,59202,234.95,52.91,1695787281,230.48,7052385,234.50,234.90,120,15,,,
2023-09-27 09:31:21.761552,tf,NFO,59202,234.35,52.52,1695787281,,,,,,,,,
2023-09-27 09:31:22.761716,tf,NFO,59202,234.60,52.68,1695787282,,,,,,,,,
2023-09-27 09:31:22.852765,tf,NFO,59202,234.65,52.72,1695787282,,7055190,234.10,234.60,405,75,,,
2023-09-27 09:31:23.252838,tf,NFO,59202,235.00,52.95,1695787283,,7056585,234.90,234.95,165,,,,
2023-09-27 09:31:23.761905,tf,NFO,59202,234.45,52.59,1695787283,,,,,,,,,
2023-09-27 09:31:24.256533,tf,NFO,59202,235.10,53.01,1695787284,,7062510,235.10,235.50,120,240,,,
2023-09-27 09:31:24.762062,tf,NFO,59202,235.55,53.30,1695787284,,,,,,,,,
2023-09-27 09:31:25.454960,tf,NFO,59202,234.95,52.91,1695787285,,7064955,235.00,235.30,165,90,,,
2023-09-27 09:31:25.762317,tf,NFO,59202,236.25,53.76,1695787285,,,,,,,,,
2023-09-27 09:31:26.459816,tf,NFO,59202,235.90,53.53,1695787286,230.49,7067910,235.55,236.00,135,1110,,,
2023-09-27 09:31:26.762467,tf,NFO,59202,236.00,53.60,1695787286,,,,,,,,,
2023-09-27 09:31:27.659270,tf,NFO,59202,235.50,53.27,1695787287,,7070310,235.50,235.95,60,150,,,
2023-09-27 09:31:27.762871,tf,NFO,59202,235.60,53.34,1695787287,,,,,,,,,
2023-09-27 09:31:28.661848,tf,NFO,59202,236.20,53.73,1695787288,,7072620,236.20,236.65,165,210,,,
2023-09-27 09:31:29.763388,tf,NFO,59202,237.55,54.60,1695787289,,,,,,,,,
2023-09-27 09:31:29.861312,tf,NFO,59202,237.45,54.54,1695787289,230.50,7080855,237.00,237.40,15,,,,
2023-09-27 09:31:30.261291,tf,NFO,59202,237.40,54.51,1695787290,,7081830,237.45,237.70,195,105,,,
2023-09-27 09:31:30.763800,tf,NFO,59202,238.05,54.93,1695787290,,,,,,,,,
2023-09-27 09:31:31.265522,tf,NFO,59202,238.40,55.16,1695787291,230.51,7088715,238.30,238.70,45,180,,,
2023-09-27 09:31:31.764087,tf,NFO,59202,239.20,55.68,1695787291,,,,,,,,,
2023-09-27 09:31:32.268957,tf,NFO,59202,239.35,55.78,1695787292,230.52,7096785,239.30,239.75,465,300,,,
2023-09-27 09:31:32.764514,tf,NFO,59202,240.00,56.20,1695787292,,,,,,,,,
2023-09-27 09:31:33.467414,tf,NFO,59202,241.05,56.88,1695787293,230.55,7123125,240.60,241.05,45,375,,,
2023-09-27 09:31:33.765679,tf,NFO,59202,239.75,56.04,1695787293,,,,,,,,,
2023-09-27 09:31:34.472315,tf,NFO,59202,240.60,56.59,1695787294,230.56,7132365,240.65,,270,15,,,
2023-09-27 09:31:34.765779,tf,NFO,59202,240.45,56.49,1695787294,,,,,,,,,
2023-09-27 09:31:35.676444,tf,NFO,59202,239.25,55.71,1695787295,230.58,7146810,239.30,239.80,345,120,,,
2023-09-27 09:31:35.766446,tf,NFO,59202,238.95,55.52,1695787295,,,,,,,,,
2023-09-27 09:31:36.674382,tf,NFO,59202,239.40,55.81,1695787296,230.60,7161480,239.40,239.70,390,15,,,
2023-09-27 09:31:36.767466,tf,NFO,59202,239.80,56.07,1695787296,,,,,,,,,
2023-09-27 09:31:37.767537,tf,NFO,59202,240.70,56.65,1695787297,,,,,,,,,
2023-09-27 09:31:37.875134,tf,NFO,59202,240.10,56.26,1695787297,230.64,7183815,240.00,240.45,300,90,,,
2023-09-27 09:31:38.273688,tf,NFO,59202,240.60,56.59,1695787298,,7188660,240.60,241.00,15,375,,,
2023-09-27 09:31:38.767617,tf,NFO,59202,241.90,57.44,1695787298,,,,,,,,,
2023-09-27 09:31:39.768162,tf,NFO,59202,242.50,57.83,1695787299,,,,,,,,,
2023-09-27 09:31:40.476760,tf,NFO,59202,242.25,57.66,1695787300,230.69,7220970,241.85,242.20,15,195,,,
2023-09-27 09:31:40.768808,tf,NFO,59202,242.35,57.73,1695787300,,,,,,,,,
2023-09-27 09:31:41.481224,tf,NFO,59202,242.80,58.02,1695787301,230.72,7234770,242.25,242.70,585,30,,,
2023-09-27 09:31:41.769015,tf,NFO,59202,241.60,57.24,1695787301,,,,,,,,,
2023-09-27 09:31:42.679697,tf,NFO,59202,243.15,58.25,1695787302,230.75,7252845,243.15,243.60,105,,,,
2023-09-27 09:31:42.770734,tf,NFO,59202,245.60,59.84,1695787302,,,,,,,,,
2023-09-27 09:31:43.770468,tf,NFO,59202,247.25,60.92,1695787303,,,,,,,,,
2023-09-27 09:31:43.880193,tf,NFO,59202,249.55,62.41,1695787303,230.94,7336365,249.65,249.95,15,195,,,
2023-09-27 09:31:44.280396,tf,NFO,59202,249.30,62.25,1695787304,230.97,7348485,248.80,249.30,375,90,,,
2023-09-27 09:31:44.771153,tf,NFO,59202,249.40,62.32,1695787304,,,,,,,,,
2023-09-27 09:31:45.284175,tf,NFO,59202,247.90,61.34,1695787305,231.04,7380900,247.95,248.45,240,30,,,
2023-09-27 09:31:45.772104,tf,NFO,59202,248.25,61.57,1695787305,,,,,,,,,
2023-09-27 09:31:46.483113,tf,NFO,59202,247.20,60.89,1695787306,231.11,7411710,247.20,247.80,615,105,,,
2023-09-27 09:31:46.772795,tf,NFO,59202,247.35,60.98,1695787306,,,,,,,,,
2023-09-27 09:31:47.488679,tf,NFO,59202,248.10,61.47,1695787307,231.16,7434435,248.10,248.70,165,225,,,
2023-09-27 09:31:47.772378,tf,NFO,59202,248.80,61.93,1695787307,,,,,,,,,
2023-09-27 09:31:48.686980,tf,NFO,59202,247.60,61.15,1695787308,231.21,7456785,247.60,248.10,270,120,,,
2023-09-27 09:31:49.695830,tf,NFO,59202,250.40,62.97,1695787309,231.32,7499955,250.40,251.00,570,1335,,,
2023-09-27 09:31:49.774255,tf,NFO,59202,251.00,63.36,1695787309,,,,,,,,,
2023-09-27 09:31:50.773960,tf,NFO,59202,251.45,63.65,1695787310,,,,,,,,,
2023-09-27 09:31:50.891283,tf,NFO,59202,251.15,63.46,1695787310,231.37,7520835,250.65,251.15,150,525,,,
2023-09-27 09:31:51.293215,tf,NFO,59202,249.95,62.67,1695787311,231.43,7544100,249.55,250.00,,225,,,
2023-09-27 09:31:51.973521,tf,NFO,59202,253.10,64.73,1695787311,,,,,,,,,
2023-09-27 09:31:52.490777,tf,NFO,59202,253.65,65.08,1695787312,231.54,7583580,253.25,253.75,15,180,,254.40,
2023-09-27 09:31:52.774001,tf,NFO,59202,252.55,64.37,1695787312,,,,,,,,,
