timestamp,t,e,tk,lp,pc,ft,ap,v,bp1,sp1,bq1,sq1,oi,h,l,_id
,tf,NFO,64012,424.15,26.33,1703044639,430.02,480630,422.50,423.40,345,75,,,,
,tf,NFO,64012,423.30,26.08,1703044640,,,,,,,,,,
,tf,NFO,64012,424.65,26.48,1703044641,,,,,,,,,,
,tf,NFO,64012,424.10,26.31,1703044642,,,,,,,,,,
,tf,NFO,64012,424.15,26.33,1703044642,430.00,482085,423.15,424.15,75,150,,,,
,tf,NFO,64012,424.25,26.36,1703044643,,,,,,,,,,
,tf,NFO,64012,422.85,25.94,1703044644,429.99,483360,422.60,423.70,45,15,,,,
,tf,NFO,64012,422.25,25.76,1703044644,,,,,,,,,,
,tf,NFO,64012,422.00,25.69,1703044645,,,,,,,,,,
,tf,NFO,64012,423.65,26.18,1703044645,,483480,423.20,424.05,75,45,,,,
,tf,NFO,64012,422.10,25.72,1703044646,,,,,,,,,,
,tf,NFO,64012,421.40,25.51,1703044647,,,,,,,,,,
,tf,NFO,64012,422.05,25.70,1703044647,429.96,484860,421.20,422.25,105,330,,,,
,tf,NFO,64012,421.05,25.41,1703044648,,,,,,,,,,
,tf,NFO,64012,422.05,25.70,1703044649,,,,,,,,,,
,tf,NFO,64012,422.90,25.96,1703044650,,,,,,,,,,
,tf,NFO,64012,423.70,26.20,1703044650,429.95,486060,423.00,423.75,45,75,,,,
,tf,NFO,64012,423.15,26.03,1703044651,,,,,,,,,,
,tf,NFO,64012,423.30,26.08,1703044652,,,,,,,,,,
,tf,NFO,64012,422.85,25.94,1703044652,429.94,486285,423.10,423.95,15,150,,,,
,tf,NFO,64012,423.80,26.22,1703044653,,,,,,,,,,
,tf,NFO,64012,423.75,26.21,1703044654,,486330,423.90,424.25,240,105,,,,
,tf,NFO,64012,423.65,26.18,1703044655,,,,,,,,,,
,tf,NFO,64012,424.15,26.33,1703044655,,486555,422.90,424.10,15,195,,,,
,tf,NFO,64012,424.45,26.42,1703044657,,,,,,,,,,
,tf,NFO,64012,423.75,26.21,1703044658,,,,,,,,,,
,tf,NFO,64012,423.75,26.21,1703044658,,,,,,,,,,
,tf,NFO,64012,423.70,26.20,1703044659,,,,,,,,,,
,tf,NFO,64012,423.70,26.20,1703044659,,,,,,,,,,
,tf,NFO,64012,424.00,26.28,1703044660,,,,,,,,,,
,tf,NFO,64012,424.00,26.28,1703044660,,,,,,,,,,
,tf,NFO,64012,423.25,26.06,1703044660,,487515,423.25,424.30,195,165,,,,
,tf,NFO,64012,423.25,26.06,1703044660,,487515,423.25,424.30,195,165,,,,
,tf,NFO,64012,423.50,26.14,1703044661,,,,,,,,,,
,tf,NFO,64012,423.50,26.14,1703044661,,,,,,,,,,
,tf,NFO,64012,418.05,24.51,1703044662,,,,,,,,,,
,tf,NFO,64012,418.05,24.51,1703044662,,,,,,,,,,
,tf,NFO,64012,418.00,24.50,1703044662,429.87,490455,417.85,418.80,75,30,,,,
,tf,NFO,64012,418.00,24.50,1703044662,429.87,490455,417.85,418.80,75,30,,,,
,tf,NFO,64012,418.40,24.62,1703044663,,,,,,,,,,
,tf,NFO,64012,418.40,24.62,1703044663,,,,,,,,,,
,tf,NFO,64012,418.65,24.69,1703044664,429.84,491640,417.60,418.60,90,120,,,,
,tf,NFO,64012,418.65,24.69,1703044664,429.84,491640,417.60,418.60,90,120,,,,
,tf,NFO,64012,420.05,25.11,1703044664,,,,,,,,,,
,tf,NFO,64012,420.05,25.11,1703044664,,,,,,,,,,
,tf,NFO,64012,418.35,24.60,1703044665,,,,,,,,,,
,tf,NFO,64012,418.35,24.60,1703044665,,,,,,,,,,
,tf,NFO,64012,417.40,24.32,1703044666,,,,,,,,,,
,tf,NFO,64012,417.40,24.32,1703044666,,,,,,,,,,
,tf,NFO,64012,417.15,24.24,1703044667,,,,,,,,,,
,tf,NFO,64012,417.15,24.24,1703044667,,,,,,,,,,
,tf,NFO,64012,417.55,24.36,1703044667,429.76,495135,416.20,417.15,15,45,,,,
,tf,NFO,64012,417.55,24.36,1703044667,429.76,495135,416.20,417.15,15,45,,,,
,tf,NFO,64012,417.25,24.27,1703044668,,,,,,,,,,
,tf,NFO,64012,417.25,24.27,1703044668,,,,,,,,,,
,tf,NFO,64012,415.70,23.81,1703044669,429.75,495405,415.65,416.50,60,15,,,,
,tf,NFO,64012,415.70,23.81,1703044669,429.75,495405,415.65,416.50,60,15,,,,
,tf,NFO,64012,415.50,23.75,1703044670,429.71,496830,415.10,416.10,,30,,,,
,tf,NFO,64012,415.50,23.75,1703044670,429.71,496830,415.10,416.10,,30,,,,
,tf,NFO,64012,414.15,23.35,1703044671,,,,,,,,,,
,tf,NFO,64012,414.15,23.35,1703044671,,,,,,,,,,
,tf,NFO,64012,416.50,24.05,1703044672,,,,,,,,,,
,tf,NFO,64012,416.50,24.05,1703044672,,,,,,,,,,
,tf,NFO,64012,418.15,24.54,1703044674,429.68,497940,417.40,418.35,15,45,,,,
,tf,NFO,64012,418.15,24.54,1703044674,429.68,497940,417.40,418.35,15,45,,,,
,tf,NFO,64012,418.20,24.56,1703044675,,,,,,,,,,
,tf,NFO,64012,418.20,24.56,1703044675,,,,,,,,,,
,tf,NFO,64012,416.50,24.05,1703044676,,,,,,,,,,
,tf,NFO,64012,416.50,24.05,1703044676,,,,,,,,,,
,tf,NFO,64012,417.75,24.42,1703044677,,,,,,,,,,
,tf,NFO,64012,417.75,24.42,1703044677,,,,,,,,,,
,tf,NFO,64012,418.75,24.72,1703044678,,,,,,,,,,
,tf,NFO,64012,418.75,24.72,1703044678,,,,,,,,,,
,tf,NFO,64012,417.90,24.47,1703044679,,498540,419.75,420.70,45,15,,,,
,tf,NFO,64012,417.90,24.47,1703044679,,498540,419.75,420.70,45,15,,,,
,tf,NFO,64012,419.75,25.02,1703044679,,,,,,,,,,
,tf,NFO,64012,419.75,25.02,1703044679,,,,,,,,,,
,tf,NFO,64012,421.30,25.48,1703044680,,,,,,,,,,
,tf,NFO,64012,421.30,25.48,1703044680,,,,,,,,,,
,tf,NFO,64012,421.10,25.42,1703044680,429.64,499815,421.05,422.05,15,150,,,,
,tf,NFO,64012,421.10,25.42,1703044680,429.64,499815,421.05,422.05,15,150,,,,
,tf,NFO,64012,420.00,25.09,1703044681,,,,,,,,,,
,tf,NFO,64012,420.00,25.09,1703044681,,,,,,,,,,
,tf,NFO,64012,418.90,24.77,1703044682,,,,,,,,,,
,tf,NFO,64012,418.90,24.77,1703044682,,,,,,,,,,
,tf,NFO,64012,419.05,24.81,1703044682,429.60,501825,417.95,419.00,45,15,,,,
,tf,NFO,64012,419.05,24.81,1703044682,429.60,501825,417.95,419.00,45,15,,,,
,tf,NFO,64012,418.45,24.63,1703044683,,,,,,,,,,
,tf,NFO,64012,418.45,24.63,1703044683,,,,,,,,,,
,tf,NFO,64012,418.70,24.71,1703044684,429.57,503175,418.60,419.65,,210,,,,
,tf,NFO,64012,418.70,24.71,1703044684,429.57,503175,418.60,419.65,,210,,,,
,tf,NFO,64012,419.65,24.99,1703044684,,,,,,,,,,
,tf,NFO,64012,419.65,24.99,1703044684,,,,,,,,,,
,tf,NFO,64012,420.00,25.09,1703044685,,,,,,,,,,
,tf,NFO,64012,420.00,25.09,1703044685,,,,,,,,,,
,tf,NFO,64012,419.25,24.87,1703044686,,,,,,,,,,
,tf,NFO,64012,419.25,24.87,1703044686,,,,,,,,,,
,tf,NFO,64012,419.80,25.03,1703044687,,,,,,,,,,
,tf,NFO,64012,419.80,25.03,1703044687,,,,,,,,,,
,tf,NFO,64012,421.00,25.39,1703044688,,,,,,,,,,
,tf,NFO,64012,421.00,25.39,1703044688,,,,,,,,,,
,tf,NFO,64012,422.65,25.88,1703044689,,503805,421.35,422.40,15,390,,,,
,tf,NFO,64012,422.65,25.88,1703044689,,503805,421.35,422.40,15,390,,,,
,tf,NFO,64012,420.05,25.11,1703044690,,,,,,,,,,
,tf,NFO,64012,420.05,25.11,1703044690,,,,,,,,,,
,tf,NFO,64012,421.00,25.39,1703044690,429.54,504990,420.10,420.85,45,120,,,,
,tf,NFO,64012,421.00,25.39,1703044690,429.54,504990,420.10,420.85,45,120,,,,
,tf,NFO,64012,421.05,25.41,1703044691,,,,,,,,,,
,tf,NFO,64012,421.05,25.41,1703044691,,,,,,,,,,
,tf,NFO,64012,420.00,25.09,1703044693,,,,,,,,,,
,tf,NFO,64012,420.00,25.09,1703044693,,,,,,,,,,
,tf,NFO,64012,420.30,25.18,1703044695,,,,,,,,,,
,tf,NFO,64012,420.30,25.18,1703044695,,,,,,,,,,
,tf,NFO,64012,419.80,25.03,1703044695,429.50,507270,419.05,420.05,45,255,,,,
,tf,NFO,64012,419.80,25.03,1703044695,429.50,507270,419.05,420.05,45,255,,,,
,tf,NFO,64012,419.90,25.06,1703044696,,,,,,,,,,
,tf,NFO,64012,419.90,25.06,1703044696,,,,,,,,,,
,tf,NFO,64012,419.60,24.97,1703044697,,,,,,,,,,
,tf,NFO,64012,419.60,24.97,1703044697,,,,,,,,,,
,tf,NFO,64012,420.00,25.09,1703044698,,,,,,,,,,
,tf,NFO,64012,420.00,25.09,1703044698,,,,,,,,,,
,tf,NFO,64012,419.85,25.05,1703044699,,507450,419.05,420.00,105,,,,,
,tf,NFO,64012,419.85,25.05,1703044699,,507450,419.05,420.00,105,,,,,
,tf,NFO,64012,419.05,24.81,1703044699,,,,,,,,,,
,tf,NFO,64012,419.05,24.81,1703044699,,,,,,,,,,
,tf,NFO,64012,421.00,25.39,1703044700,429.49,507525,420.05,420.90,60,90,,,,
,tf,NFO,64012,421.00,25.39,1703044700,429.49,507525,420.05,420.90,60,90,,,,
,tf,NFO,64012,421.05,25.41,1703044701,,,,,,,,,,
,tf,NFO,64012,421.05,25.41,1703044701,,,,,,,,,,
,tf,NFO,64012,421.55,25.55,1703044702,,,,,,,,,,
,tf,NFO,64012,421.55,25.55,1703044702,,,,,,,,,,
,tf,NFO,64012,421.35,25.50,1703044702,429.48,508125,420.40,421.50,,180,,,,
,tf,NFO,64012,421.35,25.50,1703044702,429.48,508125,420.40,421.50,,180,,,,
,tf,NFO,64012,421.45,25.52,1703044703,,,,,,,,,,
,tf,NFO,64012,421.45,25.52,1703044703,,,,,,,,,,
,tf,NFO,64012,420.05,25.11,1703044704,,508230,419.20,419.90,45,90,,,,
,tf,NFO,64012,420.05,25.11,1703044704,,508230,419.20,419.90,45,90,,,,
,tf,NFO,64012,419.20,24.85,1703044705,,,,,,,,,,
,tf,NFO,64012,419.20,24.85,1703044705,,,,,,,,,,
,tf,NFO,64012,420.50,25.24,1703044706,,,,,,,,,,
,tf,NFO,64012,420.50,25.24,1703044706,,,,,,,,,,
,tf,NFO,64012,420.80,25.33,1703044707,,,,,,,,,,
,tf,NFO,64012,420.80,25.33,1703044707,,,,,,,,,,
,tf,NFO,64012,422.00,25.69,1703044709,,,,,,,,,,
,tf,NFO,64012,422.00,25.69,1703044709,,,,,,,,,,
,tf,NFO,64012,422.20,25.75,1703044709,,,,,,,,,,
,tf,NFO,64012,422.20,25.75,1703044709,,,,,,,,,,
,tf,NFO,64012,423.10,26.02,1703044710,,,,,,,,,,
,tf,NFO,64012,423.10,26.02,1703044710,,,,,,,,,,
,tf,NFO,64012,424.55,26.45,1703044710,429.46,510675,424.25,424.85,90,120,,,,
,tf,NFO,64012,424.55,26.45,1703044710,429.46,510675,424.25,424.85,90,120,,,,
,tf,NFO,64012,423.95,26.27,1703044711,,,,,,,,,,
,tf,NFO,64012,423.95,26.27,1703044711,,,,,,,,,,
,tf,NFO,64012,424.35,26.39,1703044712,,,,,,,,,,
,tf,NFO,64012,424.35,26.39,1703044712,,,,,,,,,,
,tf,NFO,64012,425.00,26.58,1703044713,,,,,,,,,,
,tf,NFO,64012,425.00,26.58,1703044713,,,,,,,,,,
,tf,NFO,64012,426.20,26.94,1703044714,,510915,425.05,426.10,,150,,,,
,tf,NFO,64012,426.20,26.94,1703044714,,510915,425.05,426.10,,150,,,,
,tf,NFO,64012,427.05,27.19,1703044715,,,,,,,,,,
,tf,NFO,64012,427.05,27.19,1703044715,,,,,,,,,,
,tf,NFO,64012,427.60,27.36,1703044715,,511110,426.50,427.50,30,165,,,,
,tf,NFO,64012,427.60,27.36,1703044715,,511110,426.50,427.50,30,165,,,,
,tf,NFO,64012,426.55,27.04,1703044716,,,,,,,,,,
,tf,NFO,64012,426.55,27.04,1703044716,,,,,,,,,,
,tf,NFO,64012,427.05,27.19,1703044717,,,,,,,,,,
,tf,NFO,64012,427.05,27.19,1703044717,,,,,,,,,,
,tf,NFO,64012,426.35,26.98,1703044718,,,,,,,,,,
,tf,NFO,64012,426.35,26.98,1703044718,,,,,,,,,,
,tf,NFO,64012,427.10,27.21,1703044719,,511725,425.60,426.65,,105,,,,
,tf,NFO,64012,427.10,27.21,1703044719,,511725,425.60,426.65,,105,,,,
,tf,NFO,64012,430.00,28.07,1703044720,,,,,,,,,,
,tf,NFO,64012,430.00,28.07,1703044720,,,,,,,,,,
,tf,NFO,64012,429.90,28.04,1703044720,,513060,428.80,429.90,,240,,,,
,tf,NFO,64012,429.90,28.04,1703044720,,513060,428.80,429.90,,240,,,,
,tf,NFO,64012,430.00,28.07,1703044721,,,,,,,,,,
,tf,NFO,64012,430.00,28.07,1703044721,,,,,,,,,,
,tf,NFO,64012,432.45,28.80,1703044722,,,,,,,,,,
,tf,NFO,64012,432.45,28.80,1703044722,,,,,,,,,,
,tf,NFO,64012,432.60,28.85,1703044722,,513825,432.10,432.95,,30,,,,
,tf,NFO,64012,432.60,28.85,1703044722,,513825,432.10,432.95,,30,,,,
,tf,NFO,64012,432.55,28.83,1703044723,,,,,,,,,,
,tf,NFO,64012,432.55,28.83,1703044723,,,,,,,,,,
,tf,NFO,64012,432.90,28.94,1703044724,,514020,432.20,433.00,255,135,,,,
,tf,NFO,64012,432.90,28.94,1703044724,,514020,432.20,433.00,255,135,,,,
,tf,NFO,64012,433.00,28.97,1703044724,,,,,,,,,,
,tf,NFO,64012,433.00,28.97,1703044724,,,,,,,,,,
,tf,NFO,64012,433.60,29.14,1703044725,,,,,,,,,,
,tf,NFO,64012,433.60,29.14,1703044725,,,,,,,,,,
,tf,NFO,64012,434.40,29.38,1703044725,429.46,515685,433.85,435.00,45,240,,,,
,tf,NFO,64012,434.40,29.38,1703044725,429.46,515685,433.85,435.00,45,240,,,,
,tf,NFO,64012,435.00,29.56,1703044726,,,,,,,,,,
,tf,NFO,64012,435.00,29.56,1703044726,,,,,,,,,,
,tf,NFO,64012,433.90,29.23,1703044727,429.47,517275,434.10,,30,90,,,,
,tf,NFO,64012,433.90,29.23,1703044727,429.47,517275,434.10,,30,90,,,,
,tf,NFO,64012,437.00,30.16,1703044727,,,,,,,,,,
,tf,NFO,64012,437.00,30.16,1703044727,,,,,,,,,,
,tf,NFO,64012,434.50,29.41,1703044728,,,,,,,,,,
,tf,NFO,64012,434.50,29.41,1703044728,,,,,,,,,,
,tf,NFO,64012,436.25,29.93,1703044729,429.49,518610,435.90,437.00,,45,,,,
,tf,NFO,64012,436.25,29.93,1703044729,429.49,518610,435.90,437.00,,45,,,,
,tf,NFO,64012,438.80,30.69,1703044729,,,,,,,,,,
,tf,NFO,64012,438.80,30.69,1703044729,,,,,,,,,,
,tf,NFO,64012,434.80,29.50,1703044730,,,,,,,,,,
,tf,NFO,64012,434.80,29.50,1703044730,,,,,,,,,,
,tf,NFO,64012,434.25,29.34,1703044730,429.52,521145,433.55,434.55,,15,,,,
,tf,NFO,64012,434.25,29.34,1703044730,429.52,521145,433.55,434.55,,15,,,,
,tf,NFO,64012,434.70,29.47,1703044731,,,,,,,,,,
,tf,NFO,64012,434.70,29.47,1703044731,,,,,,,,,,
,tf,NFO,64012,432.80,28.91,1703044732,429.53,522750,431.35,432.50,45,30,,,,
,tf,NFO,64012,432.80,28.91,1703044732,429.53,522750,431.35,432.50,45,30,,,,
,tf,NFO,64012,432.50,28.82,1703044732,,,,,,,,,,
,tf,NFO,64012,432.50,28.82,1703044732,,,,,,,,,,
,tf,NFO,64012,432.45,28.80,1703044734,429.54,524625,431.80,432.80,30,15,,,,
,tf,NFO,64012,432.45,28.80,1703044734,429.54,524625,431.80,432.80,30,15,,,,
,tf,NFO,64012,432.25,28.74,1703044734,,,,,,,,,,
,tf,NFO,64012,432.25,28.74,1703044734,,,,,,,,,,
,tf,NFO,64012,431.70,28.58,1703044735,,,,,,,,,,
,tf,NFO,64012,431.70,28.58,1703044735,,,,,,,,,,
,tf,NFO,64012,431.30,28.46,1703044735,,524865,430.45,431.45,210,75,,,,
,tf,NFO,64012,431.30,28.46,1703044735,,524865,430.45,431.45,210,75,,,,
,tf,NFO,64012,430.50,28.22,1703044736,,,,,,,,,,
,tf,NFO,64012,430.50,28.22,1703044736,,,,,,,,,,
,tf,NFO,64012,432.95,28.95,1703044737,,,,,,,,,,
,tf,NFO,64012,432.95,28.95,1703044737,,,,,,,,,,
,tf,NFO,64012,433.40,29.08,1703044738,,,,,,,,,,
,tf,NFO,64012,433.40,29.08,1703044738,,,,,,,,,,
,tf,NFO,64012,431.65,28.56,1703044739,,526455,431.80,432.70,30,45,,,,
,tf,NFO,64012,431.65,28.56,1703044739,,526455,431.80,432.70,30,45,,,,
,tf,NFO,64012,434.10,29.29,1703044739,,,,,,,,,,
,tf,NFO,64012,434.10,29.29,1703044739,,,,,,,,,,
,tf,NFO,64012,433.55,29.13,1703044740,,,,,,,,,,
,tf,NFO,64012,433.55,29.13,1703044740,,,,,,,,,,
,tf,NFO,64012,431.80,28.61,1703044740,429.56,527010,431.40,432.55,,,,,,
,tf,NFO,64012,431.80,28.61,1703044740,429.56,527010,431.40,432.55,,,,,,
,tf,NFO,64012,432.00,28.67,1703044741,,,,,,,,,,
,tf,NFO,64012,432.00,28.67,1703044741,,,,,,,,,,
,tf,NFO,64012,431.65,28.56,1703044742,,,,,,,,,,
,tf,NFO,64012,431.65,28.56,1703044742,,,,,,,,,,
,tf,NFO,64012,432.80,28.91,1703044744,,528045,432.35,433.20,210,120,,,,
,tf,NFO,64012,432.80,28.91,1703044744,,528045,432.35,433.20,210,120,,,,
,tf,NFO,64012,433.45,29.10,1703044745,,,,,,,,,,
,tf,NFO,64012,433.45,29.10,1703044745,,,,,,,,,,
,tf,NFO,64012,433.85,29.22,1703044746,,,,,,,,,,
,tf,NFO,64012,433.85,29.22,1703044746,,,,,,,,,,
,tf,NFO,64012,435.00,29.56,1703044747,,,,,,,,,,
,tf,NFO,64012,435.00,29.56,1703044747,,,,,,,,,,
,tf,NFO,64012,434.60,29.44,1703044748,,,,,,,,,,
,tf,NFO,64012,434.60,29.44,1703044748,,,,,,,,,,
,tf,NFO,64012,433.30,29.05,1703044749,429.58,530655,433.60,434.60,210,,,,,
,tf,NFO,64012,433.30,29.05,1703044749,429.58,530655,433.60,434.60,210,,,,,
,tf,NFO,64012,434.10,29.29,1703044750,,,,,,,,,,
,tf,NFO,64012,434.10,29.29,1703044750,,,,,,,,,,
,tf,NFO,64012,433.15,29.01,1703044751,,,,,,,,,,
,tf,NFO,64012,433.15,29.01,1703044751,,,,,,,,,,
,tf,NFO,64012,435.55,29.72,1703044752,,,,,,,,,,
,tf,NFO,64012,435.55,29.72,1703044752,,,,,,,,,,
,tf,NFO,64012,435.45,29.69,1703044752,,531465,434.00,435.30,15,285,,,,
,tf,NFO,64012,435.45,29.69,1703044752,,531465,434.00,435.30,15,285,,,,
,tf,NFO,64012,434.00,29.26,1703044753,,,,,,,,,,
,tf,NFO,64012,434.00,29.26,1703044753,,,,,,,,,,
,tf,NFO,64012,433.85,29.22,1703044754,,531720,433.85,434.90,30,45,,,,
,tf,NFO,64012,433.85,29.22,1703044754,,531720,433.85,434.90,30,45,,,,
,tf,NFO,64012,433.70,29.17,1703044754,,,,,,,,,,
,tf,NFO,64012,433.70,29.17,1703044754,,,,,,,,,,
,tf,NFO,64012,434.85,29.52,1703044755,,,,,,,,,,
,tf,NFO,64012,434.85,29.52,1703044755,,,,,,,,,,
,tf,NFO,64012,434.75,29.49,1703044756,429.60,532035,434.00,435.15,60,,,,,
,tf,NFO,64012,434.75,29.49,1703044756,429.60,532035,434.00,435.15,60,,,,,
,tf,NFO,64012,435.20,29.62,1703044756,,,,,,,,,,
,tf,NFO,64012,435.20,29.62,1703044756,,,,,,,,,,
,tf,NFO,64012,433.45,29.10,1703044757,,,,,,,,,,
,tf,NFO,64012,433.45,29.10,1703044757,,,,,,,,,,
,tf,NFO,64012,434.25,29.34,1703044758,,,,,,,,,,
,tf,NFO,64012,434.25,29.34,1703044758,,,,,,,,,,
,tf,NFO,64012,434.80,29.50,1703044759,,533325,433.80,434.95,90,75,,,,
,tf,NFO,64012,434.80,29.50,1703044759,,533325,433.80,434.95,90,75,,,,
,tf,NFO,64012,434.50,29.41,1703044759,,,,,,,,,,
,tf,NFO,64012,434.50,29.41,1703044759,,,,,,,,,,
,tf,NFO,64012,433.10,28.99,1703044760,,,,,,,,,,
,tf,NFO,64012,433.10,28.99,1703044760,,,,,,,,,,
,tf,NFO,64012,432.65,28.86,1703044761,,,,,,,,,,
,tf,NFO,64012,432.65,28.86,1703044761,,,,,,,,,,
,tf,NFO,64012,432.85,28.92,1703044763,,,,,,,,,,
,tf,NFO,64012,432.85,28.92,1703044763,,,,,,,,,,
,tf,NFO,64012,431.65,28.56,1703044764,429.62,534660,431.10,431.95,,180,,,,
,tf,NFO,64012,431.65,28.56,1703044764,429.62,534660,431.10,431.95,,180,,,,
,tf,NFO,64012,431.10,28.40,1703044765,,,,,,,,,,
,tf,NFO,64012,431.10,28.40,1703044765,,,,,,,,,,
,tf,NFO,64012,432.95,28.95,1703044766,,534915,432.00,432.95,45,135,,,,
,tf,NFO,64012,432.95,28.95,1703044766,,534915,432.00,432.95,45,135,,,,
,tf,NFO,64012,433.05,28.98,1703044766,,,,,,,,,,
,tf,NFO,64012,433.05,28.98,1703044766,,,,,,,,,,
,tf,NFO,64012,433.95,29.25,1703044768,,,,,,,,,,
,tf,NFO,64012,433.95,29.25,1703044768,,,,,,,,,,
,tf,NFO,64012,433.35,29.07,1703044769,,535200,431.65,432.45,15,150,,,,
,tf,NFO,64012,433.35,29.07,1703044769,,535200,431.65,432.45,15,150,,,,
,tf,NFO,64012,433.30,29.05,1703044770,,,,,,,,,,
,tf,NFO,64012,433.30,29.05,1703044770,,,,,,,,,,
,tf,NFO,64012,431.85,28.62,1703044771,,535260,432.40,433.35,,30,,,,
,tf,NFO,64012,431.85,28.62,1703044771,,535260,432.40,433.35,,30,,,,
,tf,NFO,64012,433.25,29.04,1703044771,,,,,,,,,,
,tf,NFO,64012,433.25,29.04,1703044771,,,,,,,,,,
,tf,NFO,64012,433.45,29.10,1703044772,,,,,,,,,,
,tf,NFO,64012,433.45,29.10,1703044772,,,,,,,,,,
,tf,NFO,64012,431.30,28.46,1703044773,,,,,,,,,,
,tf,NFO,64012,431.30,28.46,1703044773,,,,,,,,,,
,tf,NFO,64012,431.60,28.55,1703044774,,537555,431.05,432.15,,15,,,,
,tf,NFO,64012,431.60,28.55,1703044774,,537555,431.05,432.15,,15,,,,
,tf,NFO,64012,429.75,28.00,1703044776,,537675,429.10,430.20,120,150,,,,
,tf,NFO,64012,429.75,28.00,1703044776,,537675,429.10,430.20,120,150,,,,
,tf,NFO,64012,429.90,28.04,1703044777,,,,,,,,,,
,tf,NFO,64012,429.90,28.04,1703044777,,,,,,,,,,
,tf,NFO,64012,430.00,28.07,1703044777,,538140,428.80,429.90,135,45,,,,
,tf,NFO,64012,430.00,28.07,1703044777,,538140,428.80,429.90,135,45,,,,
,tf,NFO,64012,425.60,26.76,1703044778,,,,,,,,,,
,tf,NFO,64012,425.60,26.76,1703044778,,,,,,,,,,
,tf,NFO,64012,426.70,27.09,1703044780,,,,,,,,,,
,tf,NFO,64012,426.70,27.09,1703044780,,,,,,,,,,
,tf,NFO,64012,425.70,26.79,1703044781,,,,,,,,,,
,tf,NFO,64012,425.70,26.79,1703044781,,,,,,,,,,
,tf,NFO,64012,426.65,27.07,1703044782,,,,,,,,,,
,tf,NFO,64012,426.65,27.07,1703044782,,,,,,,,,,
,tf,NFO,64012,425.25,26.66,1703044783,,,,,,,,,,
,tf,NFO,64012,425.25,26.66,1703044783,,,,,,,,,,
,tf,NFO,64012,424.00,26.28,1703044784,429.59,542040,423.15,424.25,210,45,,,,
,tf,NFO,64012,424.00,26.28,1703044784,429.59,542040,423.15,424.25,210,45,,,,
,tf,NFO,64012,423.45,26.12,1703044785,,,,,,,,,,
,tf,NFO,64012,423.45,26.12,1703044785,,,,,,,,,,
,tf,NFO,64012,423.40,26.11,1703044786,,542205,423.35,424.20,75,120,,,,
,tf,NFO,64012,423.40,26.11,1703044786,,542205,423.35,424.20,75,120,,,,
,tf,NFO,64012,424.20,26.34,1703044787,,,,,,,,,,
,tf,NFO,64012,424.20,26.34,1703044787,,,,,,,,,,
,tf,NFO,64012,424.40,26.40,1703044787,,542445,423.60,425.00,45,195,,,,
,tf,NFO,64012,424.40,26.40,1703044787,,542445,423.60,425.00,45,195,,,,
,tf,NFO,64012,424.00,26.28,1703044788,,,,,,,,,,
,tf,NFO,64012,424.00,26.28,1703044788,,,,,,,,,,
,tf,NFO,64012,423.90,26.25,1703044789,429.58,542775,421.65,422.65,,15,,,,
,tf,NFO,64012,423.90,26.25,1703044789,429.58,542775,421.65,422.65,,15,,,,
,tf,NFO,64012,420.00,25.09,1703044789,,,,,,,,,,
,tf,NFO,64012,420.00,25.09,1703044789,,,,,,,,,,
,tf,NFO,64012,419.20,24.85,1703044790,,,,,,,,,,
,tf,NFO,64012,419.20,24.85,1703044790,,,,,,,,,,
,tf,NFO,64012,419.70,25.00,1703044791,,,,,,,,,,
,tf,NFO,64012,419.70,25.00,1703044791,,,,,,,,,,
,tf,NFO,64012,419.80,25.03,1703044792,,,,,,,,,,
,tf,NFO,64012,419.80,25.03,1703044792,,,,,,,,,,
,tf,NFO,64012,423.25,26.06,1703044793,,,,,,,,,,
,tf,NFO,64012,423.25,26.06,1703044793,,,,,,,,,,
,tf,NFO,64012,421.45,25.52,1703044794,,,,,,,,,,
,tf,NFO,64012,421.45,25.52,1703044794,,,,,,,,,,
,tf,NFO,64012,419.50,24.94,1703044795,,,,,,,,,,
,tf,NFO,64012,419.50,24.94,1703044795,,,,,,,,,,
,tf,NFO,64012,419.00,24.80,1703044796,429.53,546045,418.30,419.05,75,15,,,,
,tf,NFO,64012,419.00,24.80,1703044796,429.53,546045,418.30,419.05,75,15,,,,
,tf,NFO,64012,419.35,24.90,1703044796,,,,,,,,,,
,tf,NFO,64012,419.35,24.90,1703044796,,,,,,,,,,
,tf,NFO,64012,417.60,24.38,1703044797,,546315,416.70,417.60,225,90,,,,
,tf,NFO,64012,417.60,24.38,1703044797,,546315,416.70,417.60,225,90,,,,
,tf,NFO,64012,417.65,24.39,1703044798,,,,,,,,,,
,tf,NFO,64012,417.65,24.39,1703044798,,,,,,,,,,
,tf,NFO,64012,418.15,24.54,1703044799,,,,,,,,,,
,tf,NFO,64012,418.15,24.54,1703044799,,,,,,,,,,
,tf,NFO,64012,418.70,24.71,1703044800,,,,,,,,,,
,tf,NFO,64012,418.70,24.71,1703044800,,,,,,,,,,
,tf,NFO,64012,413.40,23.13,1703044801,429.48,548415,413.85,414.70,90,,,,,
,tf,NFO,64012,413.40,23.13,1703044801,429.48,548415,413.85,414.70,90,,,,,
,tf,NFO,64012,414.90,23.57,1703044801,,,,,,,,,,
,tf,NFO,64012,414.90,23.57,1703044801,,,,,,,,,,
,tf,NFO,64012,415.15,23.65,1703044802,,,,,,,,,,
,tf,NFO,64012,415.15,23.65,1703044802,,,,,,,,,,
,tf,NFO,64012,416.20,23.96,1703044803,,,,,,,,,,
,tf,NFO,64012,416.20,23.96,1703044803,,,,,,,,,,
,tf,NFO,64012,416.90,24.17,1703044804,,,,,,,,,,
,tf,NFO,64012,416.90,24.17,1703044804,,,,,,,,,,
,tf,NFO,64012,419.45,24.93,1703044805,,,,,,,,,,
,tf,NFO,64012,419.45,24.93,1703044805,,,,,,,,,,
,tf,NFO,64012,420.45,25.23,1703044806,429.40,551955,419.30,420.50,405,30,,,,
,tf,NFO,64012,420.45,25.23,1703044806,429.40,551955,419.30,420.50,405,30,,,,
,tf,NFO,64012,421.15,25.44,1703044806,,,,,,,,,,
,tf,NFO,64012,421.15,25.44,1703044806,,,,,,,,,,
,tf,NFO,64012,422.50,25.84,1703044807,,,,,,,,,,
,tf,NFO,64012,422.50,25.84,1703044807,,,,,,,,,,
,tf,NFO,64012,422.45,25.82,1703044808,,,,,,,,,,
,tf,NFO,64012,422.45,25.82,1703044808,,,,,,,,,,
,tf,NFO,64012,421.90,25.66,1703044809,429.37,553560,422.40,423.45,45,45,,,,
,tf,NFO,64012,421.90,25.66,1703044809,429.37,553560,422.40,423.45,45,45,,,,
,tf,NFO,64012,422.05,25.70,1703044809,,,,,,,,,,
,tf,NFO,64012,422.05,25.70,1703044809,,,,,,,,,,
,tf,NFO,64012,423.10,26.02,1703044810,,,,,,,,,,
,tf,NFO,64012,423.10,26.02,1703044810,,,,,,,,,,
,tf,NFO,64012,423.05,26.00,1703044811,429.33,557385,421.95,423.00,75,,,,,
,tf,NFO,64012,423.05,26.00,1703044811,429.33,557385,421.95,423.00,75,,,,,
,tf,NFO,64012,423.90,26.25,1703044811,,,,,,,,,,
,tf,NFO,64012,423.90,26.25,1703044811,,,,,,,,,,
,tf,NFO,64012,426.35,26.98,1703044812,429.31,559995,426.30,427.35,120,195,,,,
,tf,NFO,64012,426.35,26.98,1703044812,429.31,559995,426.30,427.35,120,195,,,,
,tf,NFO,64012,427.05,27.19,1703044812,,,,,,,,,,
,tf,NFO,64012,427.05,27.19,1703044812,,,,,,,,,,
,tf,NFO,64012,427.75,27.40,1703044814,429.30,562320,426.60,427.70,45,285,,,,
,tf,NFO,64012,427.75,27.40,1703044814,429.30,562320,426.60,427.70,45,285,,,,
,tf,NFO,64012,428.20,27.54,1703044814,,,,,,,,,,
,tf,NFO,64012,428.20,27.54,1703044814,,,,,,,,,,
,tf,NFO,64012,428.30,27.57,1703044815,,,,,,,,,,
,tf,NFO,64012,428.30,27.57,1703044815,,,,,,,,,,
,tf,NFO,64012,428.20,27.54,1703044816,429.29,566490,426.85,428.25,150,60,,,,
,tf,NFO,64012,428.20,27.54,1703044816,429.29,566490,426.85,428.25,150,60,,,,
,tf,NFO,64012,428.30,27.57,1703044816,,,,,,,,,,
,tf,NFO,64012,428.30,27.57,1703044816,,,,,,,,,,
,tf,NFO,64012,429.10,27.80,1703044817,,,,,,,,,,
,tf,NFO,64012,429.10,27.80,1703044817,,,,,,,,,,
,tf,NFO,64012,429.85,28.03,1703044817,,568080,428.80,429.85,105,,,,,
,tf,NFO,64012,429.85,28.03,1703044817,,568080,428.80,429.85,105,,,,,
,tf,NFO,64012,428.85,27.73,1703044818,,,,,,,,,,
,tf,NFO,64012,428.85,27.73,1703044818,,,,,,,,,,
,tf,NFO,64012,426.95,27.16,1703044819,,568575,426.95,427.55,15,150,,,,
,tf,NFO,64012,426.95,27.16,1703044819,,568575,426.95,427.55,15,150,,,,
,tf,NFO,64012,426.85,27.13,1703044819,,,,,,,,,,
,tf,NFO,64012,426.85,27.13,1703044819,,,,,,,,,,
,tf,NFO,64012,425.45,26.72,1703044820,,,,,,,,,,
,tf,NFO,64012,425.45,26.72,1703044820,,,,,,,,,,
,tf,NFO,64012,426.60,27.06,1703044821,429.28,569640,425.60,426.45,,75,,,,
,tf,NFO,64012,426.60,27.06,1703044821,429.28,569640,425.60,426.45,,75,,,,
,tf,NFO,64012,426.80,27.12,1703044821,,,,,,,,,,
,tf,NFO,64012,426.80,27.12,1703044821,,,,,,,,,,
,tf,NFO,64012,425.80,26.82,1703044822,,,,,,,,,,
,tf,NFO,64012,425.80,26.82,1703044822,,,,,,,,,,
,tf,NFO,64012,425.95,26.87,1703044823,,,,,,,,,,
,tf,NFO,64012,425.95,26.87,1703044823,,,,,,,,,,
,tf,NFO,64012,424.65,26.48,1703044824,,569850,423.55,424.45,90,75,,,,
,tf,NFO,64012,424.65,26.48,1703044824,,569850,423.55,424.45,90,75,,,,
,tf,NFO,64012,423.55,26.15,1703044824,,,,,,,,,,
,tf,NFO,64012,423.55,26.15,1703044824,,,,,,,,,,
,tf,NFO,64012,423.35,26.09,1703044825,,,,,,,,,,
,tf,NFO,64012,423.35,26.09,1703044825,,,,,,,,,,
,tf,NFO,64012,424.20,26.34,1703044826,,,,,,,,,,
,tf,NFO,64012,424.20,26.34,1703044826,,,,,,,,,,
,tf,NFO,64012,423.75,26.21,1703044827,,,,,,,,,,
,tf,NFO,64012,423.75,26.21,1703044827,,,,,,,,,,
,tf,NFO,64012,423.15,26.03,1703044828,,,,,,,,,,
,tf,NFO,64012,423.15,26.03,1703044828,,,,,,,,,,
,tf,NFO,64012,423.75,26.21,1703044829,,570330,423.25,424.10,,75,,,,
,tf,NFO,64012,423.75,26.21,1703044829,,570330,423.25,424.10,,75,,,,
,tf,NFO,64012,423.55,26.15,1703044830,,,,,,,,,,
,tf,NFO,64012,423.55,26.15,1703044830,,,,,,,,,,
,tf,NFO,64012,425.10,26.61,1703044831,,570495,424.25,425.05,30,165,,,,
,tf,NFO,64012,425.10,26.61,1703044831,,570495,424.25,425.05,30,165,,,,
,tf,NFO,64012,423.95,26.27,1703044832,,,,,,,,,,
,tf,NFO,64012,423.95,26.27,1703044832,,,,,,,,,,
,tf,NFO,64012,425.35,26.69,1703044833,,,,,,,,,,
,tf,NFO,64012,425.35,26.69,1703044833,,,,,,,,,,
,tf,NFO,64012,425.00,26.58,1703044834,,571845,423.85,424.80,,45,,,,
,tf,NFO,64012,425.00,26.58,1703044834,,571845,423.85,424.80,,45,,,,
,tf,NFO,64012,424.75,26.51,1703044834,,,,,,,,,,
,tf,NFO,64012,424.75,26.51,1703044834,,,,,,,,,,
,tf,NFO,64012,425.50,26.73,1703044835,,,,,,,,,,
,tf,NFO,64012,425.50,26.73,1703044835,,,,,,,,,,
,tf,NFO,64012,424.80,26.52,1703044836,429.26,572100,424.35,425.25,30,210,,,,
,tf,NFO,64012,424.80,26.52,1703044836,429.26,572100,424.35,425.25,30,210,,,,
,tf,NFO,64012,425.90,26.85,1703044837,,,,,,,,,,
,tf,NFO,64012,425.90,26.85,1703044837,,,,,,,,,,
,tf,NFO,64012,426.20,26.94,1703044838,,,,,,,,,,
,tf,NFO,64012,426.20,26.94,1703044838,,,,,,,,,,
,tf,NFO,64012,425.35,26.69,1703044839,,572325,425.75,426.30,90,75,,,,
,tf,NFO,64012,425.35,26.69,1703044839,,572325,425.75,426.30,90,75,,,,
,tf,NFO,64012,425.10,26.61,1703044839,,,,,,,,,,
,tf,NFO,64012,425.10,26.61,1703044839,,,,,,,,,,
,tf,NFO,64012,425.35,26.69,1703044840,,,,,,,,,,
,tf,NFO,64012,425.35,26.69,1703044840,,,,,,,,,,
,tf,NFO,64012,425.40,26.70,1703044841,,573525,425.40,426.40,15,585,,,,
,tf,NFO,64012,425.40,26.70,1703044841,,573525,425.40,426.40,15,585,,,,
,tf,NFO,64012,427.50,27.33,1703044842,,,,,,,,,,
,tf,NFO,64012,427.50,27.33,1703044842,,,,,,,,,,
,tf,NFO,64012,426.85,27.13,1703044843,,,,,,,,,,
,tf,NFO,64012,426.85,27.13,1703044843,,,,,,,,,,
,tf,NFO,64012,426.40,27.00,1703044844,,,,,,,,,,
,tf,NFO,64012,426.40,27.00,1703044844,,,,,,,,,,
,tf,NFO,64012,425.25,26.66,1703044845,,,,,,,,,,
,tf,NFO,64012,425.25,26.66,1703044845,,,,,,,,,,
,tf,NFO,64012,422.40,25.81,1703044846,,,,,,,,,,
,tf,NFO,64012,422.40,25.81,1703044846,,,,,,,,,,
,tf,NFO,64012,422.15,25.73,1703044847,,,,,,,,,,
,tf,NFO,64012,422.15,25.73,1703044847,,,,,,,,,,
,tf,NFO,64012,423.45,26.12,1703044848,,,,,,,,,,
,tf,NFO,64012,423.45,26.12,1703044848,,,,,,,,,,
,tf,NFO,64012,423.40,26.11,1703044849,,574605,422.20,,,105,,,,
,tf,NFO,64012,423.40,26.11,1703044849,,574605,422.20,,,105,,,,
,tf,NFO,64012,422.50,25.84,1703044849,,,,,,,,,,
,tf,NFO,64012,422.50,25.84,1703044849,,,,,,,,,,
,tf,NFO,64012,423.30,26.08,1703044851,,,,,,,,,,
,tf,NFO,64012,423.30,26.08,1703044851,,,,,,,,,,
,tf,NFO,64012,424.20,26.34,1703044852,,,,,,,,,,
,tf,NFO,64012,424.20,26.34,1703044852,,,,,,,,,,
,tf,NFO,64012,422.75,25.91,1703044853,,,,,,,,,,
,tf,NFO,64012,422.75,25.91,1703044853,,,,,,,,,,
,tf,NFO,64012,423.00,25.99,1703044854,,,,,,,,,,
,tf,NFO,64012,423.00,25.99,1703044854,,,,,,,,,,
,tf,NFO,64012,422.10,25.72,1703044855,,,,,,,,,,
,tf,NFO,64012,422.10,25.72,1703044855,,,,,,,,,,
,tf,NFO,64012,422.00,25.69,1703044855,429.23,576315,421.20,422.35,1020,135,,,,
,tf,NFO,64012,422.00,25.69,1703044855,429.23,576315,421.20,422.35,1020,135,,,,
,tf,NFO,64012,422.70,25.90,1703044856,,,,,,,,,,
,tf,NFO,64012,422.70,25.90,1703044856,,,,,,,,,,
,tf,NFO,64012,422.50,25.84,1703044857,,,,,,,,,,
,tf,NFO,64012,422.50,25.84,1703044857,,,,,,,,,,
,tf,NFO,64012,423.10,26.02,1703044858,,,,,,,,,,
,tf,NFO,64012,423.10,26.02,1703044858,,,,,,,,,,
,tf,NFO,64012,423.45,26.12,1703044859,,,,,,,,,,
,tf,NFO,64012,423.45,26.12,1703044859,,,,,,,,,,
,tf,NFO,64012,423.05,26.00,1703044860,,,,,,,,,,
,tf,NFO,64012,423.05,26.00,1703044860,,,,,,,,,,
,tf,NFO,64012,425.50,26.73,1703044862,,,,,,,,,,
,tf,NFO,64012,425.50,26.73,1703044862,,,,,,,,,,
,tf,NFO,64012,426.00,26.88,1703044863,,,,,,,,,,
,tf,NFO,64012,426.00,26.88,1703044863,,,,,,,,,,
,tf,NFO,64012,427.00,27.18,1703044863,,,,,,,,,,
,tf,NFO,64012,427.00,27.18,1703044863,,,,,,,,,,
,tf,NFO,64012,426.75,27.10,1703044864,,577875,426.70,427.75,195,165,,,,
,tf,NFO,64012,426.75,27.10,1703044864,,577875,426.70,427.75,195,165,,,,
,tf,NFO,64012,427.65,27.37,1703044864,,,,,,,,,,
,tf,NFO,64012,427.65,27.37,1703044864,,,,,,,,,,
,tf,NFO,64012,426.45,27.01,1703044865,,,,,,,,,,
,tf,NFO,64012,426.45,27.01,1703044865,,,,,,,,,,
,tf,NFO,64012,427.10,27.21,1703044866,,,,,,,,,,
,tf,NFO,64012,427.10,27.21,1703044866,,,,,,,,,,
,tf,NFO,64012,426.95,27.16,1703044867,,577980,426.40,426.95,45,30,,,,
,tf,NFO,64012,426.95,27.16,1703044867,,577980,426.40,426.95,45,30,,,,
,tf,NFO,64012,426.45,27.01,1703044868,,,,,,,,,,
,tf,NFO,64012,426.45,27.01,1703044868,,,,,,,,,,
,tf,NFO,64012,426.00,26.88,1703044870,,,,,,,,,,
,tf,NFO,64012,426.00,26.88,1703044870,,,,,,,,,,
,tf,NFO,64012,426.30,26.97,1703044871,,,,,,,,,,
,tf,NFO,64012,426.30,26.97,1703044871,,,,,,,,,,
,tf,NFO,64012,425.35,26.69,1703044873,,,,,,,,,,
,tf,NFO,64012,425.35,26.69,1703044873,,,,,,,,,,
,tf,NFO,64012,425.70,26.79,1703044874,,578190,424.70,425.70,,60,,,,
,tf,NFO,64012,425.70,26.79,1703044874,,578190,424.70,425.70,,60,,,,
,tf,NFO,64012,426.30,26.97,1703044875,,,,,,,,,,
,tf,NFO,64012,426.30,26.97,1703044875,,,,,,,,,,
,tf,NFO,64012,427.10,27.21,1703044875,429.21,580050,426.15,427.05,,90,,,,
,tf,NFO,64012,427.10,27.21,1703044875,429.21,580050,426.15,427.05,,90,,,,
,tf,NFO,64012,426.60,27.06,1703044876,,,,,,,,,,
,tf,NFO,64012,426.60,27.06,1703044876,,,,,,,,,,
,tf,NFO,64012,426.15,26.92,1703044877,,,,,,,,,,
,tf,NFO,64012,426.15,26.92,1703044877,,,,,,,,,,
,tf,NFO,64012,425.70,26.79,1703044878,,,,,,,,,,
,tf,NFO,64012,425.70,26.79,1703044878,,,,,,,,,,
,tf,NFO,64012,424.60,26.46,1703044879,,,,,,,,,,
,tf,NFO,64012,424.60,26.46,1703044879,,,,,,,,,,
,tf,NFO,64012,425.00,26.58,1703044880,,,,,,,,,,
,tf,NFO,64012,425.00,26.58,1703044880,,,,,,,,,,
,tf,NFO,64012,424.70,26.49,1703044880,429.19,582405,423.80,424.85,660,30,,,,
,tf,NFO,64012,424.70,26.49,1703044880,429.19,582405,423.80,424.85,660,30,,,,
,tf,NFO,64012,423.05,26.00,1703044882,,,,,,,,,,
,tf,NFO,64012,423.05,26.00,1703044882,,,,,,,,,,
,tf,NFO,64012,424.00,26.28,1703044883,,,,,,,,,,
,tf,NFO,64012,424.00,26.28,1703044883,,,,,,,,,,
,tf,NFO,64012,423.65,26.18,1703044884,429.17,584055,422.60,423.70,270,,,,,
,tf,NFO,64012,423.65,26.18,1703044884,429.17,584055,422.60,423.70,270,,,,,
,tf,NFO,64012,423.75,26.21,1703044884,,,,,,,,,,
,tf,NFO,64012,423.75,26.21,1703044884,,,,,,,,,,
,tf,NFO,64012,423.95,26.27,1703044885,,,,,,,,,,
,tf,NFO,64012,423.95,26.27,1703044885,,,,,,,,,,
,tf,NFO,64012,425.25,26.66,1703044885,,584310,423.65,424.75,,,,,,
,tf,NFO,64012,425.25,26.66,1703044885,,584310,423.65,424.75,,,,,,
,tf,NFO,64012,425.30,26.67,1703044886,,,,,,,,,,
,tf,NFO,64012,425.30,26.67,1703044886,,,,,,,,,,
,tf,NFO,64012,425.95,26.87,1703044887,,584685,425.65,426.75,90,45,,,,
,tf,NFO,64012,425.95,26.87,1703044887,,584685,425.65,426.75,90,45,,,,
,tf,NFO,64012,425.60,26.76,1703044888,,,,,,,,,,
,tf,NFO,64012,425.60,26.76,1703044888,,,,,,,,,,
,tf,NFO,64012,425.75,26.81,1703044891,,,,,,,,,,
,tf,NFO,64012,425.75,26.81,1703044891,,,,,,,,,,
,tf,NFO,64012,426.00,26.88,1703044891,,,,,,,,,,
,tf,NFO,64012,426.00,26.88,1703044891,,,,,,,,,,
,tf,NFO,64012,425.60,26.76,1703044892,429.16,585345,425.10,426.10,285,75,,,,
,tf,NFO,64012,425.60,26.76,1703044892,429.16,585345,425.10,426.10,285,75,,,,
,tf,NFO,64012,426.35,26.98,1703044893,,,,,,,,,,
,tf,NFO,64012,426.35,26.98,1703044893,,,,,,,,,,
,tf,NFO,64012,425.40,26.70,1703044894,,,,,,,,,,
,tf,NFO,64012,425.40,26.70,1703044894,,,,,,,,,,
,tf,NFO,64012,426.35,26.98,1703044895,,,,,,,,,,
,tf,NFO,64012,426.35,26.98,1703044895,,,,,,,,,,
,tf,NFO,64012,427.10,27.21,1703044896,,,,,,,,,,
,tf,NFO,64012,427.10,27.21,1703044896,,,,,,,,,,
,tf,NFO,64012,427.00,27.18,1703044898,,,,,,,,,,
,tf,NFO,64012,427.00,27.18,1703044898,,,,,,,,,,
,tf,NFO,64012,427.10,27.21,1703044899,,585675,,427.05,75,60,,,,
,tf,NFO,64012,427.10,27.21,1703044899,,585675,,427.05,75,60,,,,
,tf,NFO,64012,427.50,27.33,1703044900,,,,,,,,,,
,tf,NFO,64012,427.50,27.33,1703044900,,,,,,,,,,
,tf,NFO,64012,426.45,27.01,1703044903,,,,,,,,,,
,tf,NFO,64012,426.45,27.01,1703044903,,,,,,,,,,
,tf,NFO,64012,429.00,27.77,1703044903,,,,,,,,,,
,tf,NFO,64012,429.00,27.77,1703044903,,,,,,,,,,
,tf,NFO,64012,427.80,27.42,1703044904,,587865,426.85,427.90,30,135,,,,
,tf,NFO,64012,427.80,27.42,1703044904,,587865,426.85,427.90,30,135,,,,
,tf,NFO,64012,428.05,27.49,1703044904,,,,,,,,,,
,tf,NFO,64012,428.05,27.49,1703044904,,,,,,,,,,
,tf,NFO,64012,427.15,27.22,1703044905,,,,,,,,,,
,tf,NFO,64012,427.15,27.22,1703044905,,,,,,,,,,
,tf,NFO,64012,427.40,27.30,1703044905,,588360,427.40,428.35,210,285,,,,
,tf,NFO,64012,427.40,27.30,1703044905,,588360,427.40,428.35,210,285,,,,
,tf,NFO,64012,428.75,27.70,1703044906,,,,,,,,,,
,tf,NFO,64012,428.75,27.70,1703044906,,,,,,,,,,
,tf,NFO,64012,430.05,28.09,1703044908,,,,,,,,,,
,tf,NFO,64012,430.05,28.09,1703044908,,,,,,,,,,
,tf,NFO,64012,430.20,28.13,1703044908,,,,,,,,,,
,tf,NFO,64012,430.20,28.13,1703044908,,,,,,,,,,
,tf,NFO,64012,429.15,27.82,1703044909,429.16,589185,429.20,429.70,75,120,,,,
,tf,NFO,64012,429.15,27.82,1703044909,429.16,589185,429.20,429.70,75,120,,,,
,tf,NFO,64012,428.00,27.48,1703044913,,,,,,,,,,
,tf,NFO,64012,428.00,27.48,1703044913,,,,,,,,,,
,tf,NFO,64012,430.05,28.09,1703044913,,,,,,,,,,
,tf,NFO,64012,430.05,28.09,1703044913,,,,,,,,,,
,tf,NFO,64012,428.05,27.49,1703044914,429.15,591570,,,255,60,,,,
,tf,NFO,64012,428.05,27.49,1703044914,429.15,591570,,,255,60,,,,
,tf,NFO,64012,428.90,27.74,1703044915,,,,,,,,,,
,tf,NFO,64012,428.90,27.74,1703044915,,,,,,,,,,
,tf,NFO,64012,427.95,27.46,1703044915,,591735,,428.50,45,15,,,,
,tf,NFO,64012,427.95,27.46,1703044915,,591735,,428.50,45,15,,,,
,tf,NFO,64012,427.50,27.33,1703044917,,591810,427.20,428.20,255,105,,,,
,tf,NFO,64012,427.50,27.33,1703044917,,591810,427.20,428.20,255,105,,,,
,tf,NFO,64012,427.00,27.18,1703044918,,,,,,,,,,
,tf,NFO,64012,427.00,27.18,1703044918,,,,,,,,,,
,tf,NFO,64012,427.60,27.36,1703044919,,593025,426.50,427.40,75,90,,,,
,tf,NFO,64012,427.60,27.36,1703044919,,593025,426.50,427.40,75,90,,,,
,tf,NFO,64012,430.55,28.24,1703044920,,593160,429.50,430.55,,150,,,,
,tf,NFO,64012,430.55,28.24,1703044920,,593160,429.50,430.55,,150,,,,
,tf,NFO,64012,428.25,27.55,1703044921,,,,,,,,,,
,tf,NFO,64012,428.25,27.55,1703044921,,,,,,,,,,
,tf,NFO,64012,429.15,27.82,1703044922,,593460,428.25,429.25,330,165,,,,
,tf,NFO,64012,429.15,27.82,1703044922,,593460,428.25,429.25,330,165,,,,
,tf,NFO,64012,428.40,27.59,1703044922,,,,,,,,,,
,tf,NFO,64012,428.40,27.59,1703044922,,,,,,,,,,
,tf,NFO,64012,429.20,27.83,1703044923,,,,,,,,,,
,tf,NFO,64012,429.20,27.83,1703044923,,,,,,,,,,
,tf,NFO,64012,429.10,27.80,1703044923,,593685,429.00,429.95,300,105,,,,
,tf,NFO,64012,429.10,27.80,1703044923,,593685,429.00,429.95,300,105,,,,
,tf,NFO,64012,428.85,27.73,1703044924,,,,,,,,,,
,tf,NFO,64012,428.85,27.73,1703044924,,,,,,,,,,
,tf,NFO,64012,429.65,27.97,1703044925,,,,,,,,,,
,tf,NFO,64012,429.65,27.97,1703044925,,,,,,,,,,
,tf,NFO,64012,429.75,28.00,1703044925,,594015,428.80,429.70,15,150,,,,
,tf,NFO,64012,429.75,28.00,1703044925,,594015,428.80,429.70,15,150,,,,
,tf,NFO,64012,428.65,27.67,1703044926,,,,,,,,,,
,tf,NFO,64012,428.65,27.67,1703044926,,,,,,,,,,
,tf,NFO,64012,428.80,27.71,1703044928,,,,,,,,,,
,tf,NFO,64012,428.80,27.71,1703044928,,,,,,,,,,
,tf,NFO,64012,428.10,27.51,1703044928,,,,,,,,,,
,tf,NFO,64012,428.10,27.51,1703044928,,,,,,,,,,
,tf,NFO,64012,428.50,27.62,1703044928,,594240,428.05,428.85,60,45,,,,
,tf,NFO,64012,428.50,27.62,1703044928,,594240,428.05,428.85,60,45,,,,
,tf,NFO,64012,427.55,27.34,1703044930,,,,,,,,,,
,tf,NFO,64012,427.55,27.34,1703044930,,,,,,,,,,
,tf,NFO,64012,426.85,27.13,1703044930,,594390,426.90,427.65,,15,,,,
,tf,NFO,64012,426.85,27.13,1703044930,,594390,426.90,427.65,,15,,,,
,tf,NFO,64012,427.70,27.39,1703044932,,594435,426.95,427.75,,60,,,,
,tf,NFO,64012,427.70,27.39,1703044932,,594435,426.95,427.75,,60,,,,
,tf,NFO,64012,427.45,27.31,1703044933,,,,,,,,,,
,tf,NFO,64012,427.45,27.31,1703044933,,,,,,,,,,
,tf,NFO,64012,427.00,27.18,1703044933,,594780,426.10,427.20,255,210,,,,
,tf,NFO,64012,427.00,27.18,1703044933,,594780,426.10,427.20,255,210,,,,
,tf,NFO,64012,427.95,27.46,1703044935,,594795,426.90,427.95,210,75,,,,
,tf,NFO,64012,427.95,27.46,1703044935,,594795,426.90,427.95,210,75,,,,
,tf,NFO,64012,429.10,27.80,1703044937,,594975,428.10,429.15,60,225,,,,
,tf,NFO,64012,429.10,27.80,1703044937,,594975,428.10,429.15,60,225,,,,
,tf,NFO,64012,429.35,27.88,1703044938,,,,,,,,,,
,tf,NFO,64012,429.35,27.88,1703044938,,,,,,,,,,
,tf,NFO,64012,428.60,27.65,1703044939,,,,,,,,,,
,tf,NFO,64012,428.60,27.65,1703044939,,,,,,,,,,
,tf,NFO,64012,428.75,27.70,1703044939,,,,,,,,,,
,tf,NFO,64012,428.75,27.70,1703044939,,,,,,,,,,
,tf,NFO,64012,427.55,27.34,1703044940,,595800,426.40,427.55,60,165,,,,
,tf,NFO,64012,427.55,27.34,1703044940,,595800,426.40,427.55,60,165,,,,
,tf,NFO,64012,427.70,27.39,1703044941,,,,,,,,,,
,tf,NFO,64012,427.70,27.39,1703044941,,,,,,,,,,
,tf,NFO,64012,427.75,27.40,1703044942,,,,,,,,,,
,tf,NFO,64012,427.75,27.40,1703044942,,,,,,,,,,
,tf,NFO,64012,427.15,27.22,1703044943,,,,,,,,,,
,tf,NFO,64012,427.15,27.22,1703044943,,,,,,,,,,
,tf,NFO,64012,426.75,27.10,1703044946,,,,,,,,,,
,tf,NFO,64012,426.75,27.10,1703044946,,,,,,,,,,
,tf,NFO,64012,426.40,27.00,1703044946,,,,,,,,,,
,tf,NFO,64012,426.40,27.00,1703044946,,,,,,,,,,
,tf,NFO,64012,425.60,26.76,1703044947,429.14,596430,425.60,426.20,15,30,,,,
,tf,NFO,64012,425.60,26.76,1703044947,429.14,596430,425.60,426.20,15,30,,,,
,tf,NFO,64012,426.90,27.15,1703044948,,,,,,,,,,
,tf,NFO,64012,426.90,27.15,1703044948,,,,,,,,,,
,tf,NFO,64012,426.00,26.88,1703044950,,597270,425.95,427.00,60,225,,,,
,tf,NFO,64012,426.00,26.88,1703044950,,597270,425.95,427.00,60,225,,,,
,tf,NFO,64012,426.65,27.07,1703044950,,,,,,,,,,
,tf,NFO,64012,426.65,27.07,1703044950,,,,,,,,,,
,tf,NFO,64012,426.20,26.94,1703044952,,,,,,,,,,
,tf,NFO,64012,426.20,26.94,1703044952,,,,,,,,,,
,tf,NFO,64012,425.75,26.81,1703044953,,,,,,,,,,
,tf,NFO,64012,425.75,26.81,1703044953,,,,,,,,,,
,tf,NFO,64012,424.05,26.30,1703044955,,,,,,,,,,
,tf,NFO,64012,424.05,26.30,1703044955,,,,,,,,,,
,tf,NFO,64012,423.45,26.12,1703044955,429.12,599685,423.05,423.85,90,45,,,,
,tf,NFO,64012,423.45,26.12,1703044955,429.12,599685,423.05,423.85,90,45,,,,
,tf,NFO,64012,423.20,26.05,1703044955,,,,,,,,,,
,tf,NFO,64012,423.20,26.05,1703044955,,,,,,,,,,
,tf,NFO,64012,423.40,26.11,1703044956,,,,,,,324810,,,
,tf,NFO,64012,423.40,26.11,1703044956,,,,,,,324810,,,
,tf,NFO,64012,424.25,26.36,1703044956,,599835,424.25,424.85,,30,,,,
,tf,NFO,64012,424.25,26.36,1703044956,,599835,424.25,424.85,,30,,,,
,tf,NFO,64012,425.20,26.64,1703044957,,,,,,,,,,
,tf,NFO,64012,425.20,26.64,1703044957,,,,,,,,,,
,tf,NFO,64012,425.00,26.58,1703044959,,,,,,,,,,
,tf,NFO,64012,425.00,26.58,1703044959,,,,,,,,,,
,tf,NFO,64012,425.60,26.76,1703044959,,,,,,,,,,
,tf,NFO,64012,425.60,26.76,1703044959,,,,,,,,,,
,tf,NFO,64012,425.55,26.75,1703044960,,600060,,425.35,210,,,,,
,tf,NFO,64012,425.55,26.75,1703044960,,600060,,425.35,210,,,,,
,tf,NFO,64012,423.85,26.24,1703044960,,,,,,,,,,
,tf,NFO,64012,423.85,26.24,1703044960,,,,,,,,,,
,tf,NFO,64012,423.05,26.00,1703044961,,,,,,,,,,
,tf,NFO,64012,423.05,26.00,1703044961,,,,,,,,,,
,tf,NFO,64012,423.70,26.20,1703044961,,600240,423.00,423.70,165,15,,,,
,tf,NFO,64012,423.70,26.20,1703044961,,600240,423.00,423.70,165,15,,,,
,tf,NFO,64012,423.10,26.02,1703044962,,,,,,,,,,
,tf,NFO,64012,423.10,26.02,1703044962,,,,,,,,,,
,tf,NFO,64012,422.80,25.93,1703044964,,,,,,,,,,
,tf,NFO,64012,422.80,25.93,1703044964,,,,,,,,,,
,tf,NFO,64012,422.75,25.91,1703044964,,,,,,,,,,
,tf,NFO,64012,422.75,25.91,1703044964,,,,,,,,,,
,tf,NFO,64012,422.95,25.97,1703044965,,,,,,,,,,
,tf,NFO,64012,422.95,25.97,1703044965,,,,,,,,,,
,tf,NFO,64012,424.45,26.42,1703044966,,,,,,,,,,
,tf,NFO,64012,424.45,26.42,1703044966,,,,,,,,,,
,tf,NFO,64012,424.05,26.30,1703044967,,,,,,,,,,
,tf,NFO,64012,424.05,26.30,1703044967,,,,,,,,,,
,tf,NFO,64012,423.15,26.03,1703044968,,601410,422.55,423.45,240,240,,,,
,tf,NFO,64012,423.15,26.03,1703044968,,601410,422.55,423.45,240,240,,,,
,tf,NFO,64012,423.55,26.15,1703044968,,,,,,,,,,
,tf,NFO,64012,423.55,26.15,1703044968,,,,,,,,,,
,tf,NFO,64012,422.95,25.97,1703044969,,,,,,,,,,
,tf,NFO,64012,422.95,25.97,1703044969,,,,,,,,,,
,tf,NFO,64012,423.80,26.22,1703044970,,,,,,,,,,
,tf,NFO,64012,423.80,26.22,1703044970,,,,,,,,,,
,tf,NFO,64012,422.40,25.81,1703044971,,,,,,,,,,
,tf,NFO,64012,422.40,25.81,1703044971,,,,,,,,,,
,tf,NFO,64012,421.30,25.48,1703044972,,,,,,,,,,
,tf,NFO,64012,421.30,25.48,1703044972,,,,,,,,,,
,tf,NFO,64012,423.60,26.17,1703044973,429.09,602685,422.60,423.75,210,405,,,,
,tf,NFO,64012,423.60,26.17,1703044973,429.09,602685,422.60,423.75,210,405,,,,
,tf,NFO,64012,422.05,25.70,1703044974,,,,,,,,,,
,tf,NFO,64012,422.05,25.70,1703044974,,,,,,,,,,
,tf,NFO,64012,422.90,25.96,1703044975,,602865,422.05,423.05,255,210,,,,
,tf,NFO,64012,422.90,25.96,1703044975,,602865,422.05,423.05,255,210,,,,
,tf,NFO,64012,423.00,25.99,1703044975,,,,,,,,,,
,tf,NFO,64012,423.00,25.99,1703044975,,,,,,,,,,
,tf,NFO,64012,424.85,26.54,1703044977,,,,,,,,,,
,tf,NFO,64012,424.85,26.54,1703044977,,,,,,,,,,
,tf,NFO,64012,425.50,26.73,1703044978,,603255,424.60,425.40,345,75,,,,
,tf,NFO,64012,425.50,26.73,1703044978,,603255,424.60,425.40,345,75,,,,
,tf,NFO,64012,424.40,26.40,1703044979,,,,,,,,,,
,tf,NFO,64012,424.40,26.40,1703044979,,,,,,,,,,
,tf,NFO,64012,423.15,26.03,1703044980,,,,,,,,,,
,tf,NFO,64012,423.15,26.03,1703044980,,,,,,,,,,
,tf,NFO,64012,423.00,25.99,1703044981,,,,,,,,,,
,tf,NFO,64012,423.00,25.99,1703044981,,,,,,,,,,
,tf,NFO,64012,420.00,25.09,1703044983,,,,,,,,,,
,tf,NFO,64012,420.00,25.09,1703044983,,,,,,,,,,
,tf,NFO,64012,419.00,24.80,1703044983,,,,,,,,,,
,tf,NFO,64012,419.00,24.80,1703044983,,,,,,,,,,
,tf,NFO,64012,418.80,24.74,1703044985,,605700,418.50,419.50,405,75,,,,
,tf,NFO,64012,418.80,24.74,1703044985,,605700,418.50,419.50,405,75,,,,
,tf,NFO,64012,419.95,25.08,1703044985,,,,,,,,,,
,tf,NFO,64012,419.95,25.08,1703044985,,,,,,,,,,
,tf,NFO,64012,421.55,25.55,1703044986,,,,,,,,,,
,tf,NFO,64012,421.55,25.55,1703044986,,,,,,,,,,
,tf,NFO,64012,421.00,25.39,1703044987,,,,,,,,,,
,tf,NFO,64012,421.00,25.39,1703044987,,,,,,,,,,
,tf,NFO,64012,421.65,25.58,1703044988,429.03,607920,421.65,422.45,195,15,,,,
,tf,NFO,64012,421.65,25.58,1703044988,429.03,607920,421.65,422.45,195,15,,,,
,tf,NFO,64012,422.10,25.72,1703044990,,,,,,,,,,
,tf,NFO,64012,422.10,25.72,1703044990,,,,,,,,,,
,tf,NFO,64012,423.05,26.00,1703044990,,,,,,,,,,
,tf,NFO,64012,423.05,26.00,1703044990,,,,,,,,,,
,tf,NFO,64012,423.40,26.11,1703044992,,,,,,,,,,
,tf,NFO,64012,423.40,26.11,1703044992,,,,,,,,,,
,tf,NFO,64012,422.70,25.90,1703044994,,,,,,,,,,
,tf,NFO,64012,422.70,25.90,1703044994,,,,,,,,,,
,tf,NFO,64012,421.80,25.63,1703044995,,,,,,,,,,
,tf,NFO,64012,421.80,25.63,1703044995,,,,,,,,,,
,tf,NFO,64012,420.85,25.35,1703044996,,608445,421.05,421.95,105,330,,,,
,tf,NFO,64012,420.85,25.35,1703044996,,608445,421.05,421.95,105,330,,,,
,tf,NFO,64012,421.90,25.66,1703044997,,,,,,,,,,
,tf,NFO,64012,421.90,25.66,1703044997,,,,,,,,,,
,tf,NFO,64012,421.60,25.57,1703044998,429.01,608955,421.20,422.05,15,60,,,,
,tf,NFO,64012,421.60,25.57,1703044998,429.01,608955,421.20,422.05,15,60,,,,
,tf,NFO,64012,420.00,25.09,1703044999,,,,,,,,,,
,tf,NFO,64012,420.00,25.09,1703044999,,,,,,,,,,
,tf,NFO,64012,421.80,25.63,1703045000,,,,,,,,,,
,tf,NFO,64012,421.80,25.63,1703045000,,,,,,,,,,
,tf,NFO,64012,422.05,25.70,1703045001,429.00,610005,421.65,422.15,15,15,,,,
,tf,NFO,64012,422.05,25.70,1703045001,429.00,610005,421.65,422.15,15,15,,,,
,tf,NFO,64012,423.10,26.02,1703045002,,,,,,,,,,
,tf,NFO,64012,423.10,26.02,1703045002,,,,,,,,,,
,tf,NFO,64012,423.30,26.08,1703045004,,,,,,,,,,
,tf,NFO,64012,423.30,26.08,1703045004,,,,,,,,,,
,tf,NFO,64012,423.85,26.24,1703045005,,610290,422.75,423.20,15,,,,,
,tf,NFO,64012,423.85,26.24,1703045005,,610290,422.75,423.20,15,,,,,
,tf,NFO,64012,423.35,26.09,1703045005,,,,,,,,,,
,tf,NFO,64012,423.35,26.09,1703045005,,,,,,,,,,
,tf,NFO,64012,423.55,26.15,1703045006,,610410,423.35,424.25,105,15,,,,
,tf,NFO,64012,423.55,26.15,1703045006,,610410,423.35,424.25,105,15,,,,
,tf,NFO,64012,423.50,26.14,1703045007,,,,,,,,,,
,tf,NFO,64012,423.50,26.14,1703045007,,,,,,,,,,
,tf,NFO,64012,424.40,26.40,1703045008,,610590,424.60,425.00,15,120,,,,
,tf,NFO,64012,424.40,26.40,1703045008,,610590,424.60,425.00,15,120,,,,
,tf,NFO,64012,425.00,26.58,1703045008,,,,,,,,,,
,tf,NFO,64012,425.00,26.58,1703045008,,,,,,,,,,
,tf,NFO,64012,424.50,26.43,1703045009,,,,,,,,,,
,tf,NFO,64012,424.50,26.43,1703045009,,,,,,,,,,
,tf,NFO,64012,426.35,26.98,1703045010,428.99,611250,425.05,426.05,105,195,,,,
,tf,NFO,64012,426.35,26.98,1703045010,428.99,611250,425.05,426.05,105,195,,,,
,tf,NFO,64012,424.80,26.52,1703045011,,,,,,,,,,
,tf,NFO,64012,424.80,26.52,1703045011,,,,,,,,,,
,tf,NFO,64012,424.05,26.30,1703045012,,,,,,,,,,
,tf,NFO,64012,424.05,26.30,1703045012,,,,,,,,,,
,tf,NFO,64012,426.00,26.88,1703045015,,,,,,,,,,
,tf,NFO,64012,426.00,26.88,1703045015,,,,,,,,,,
,tf,NFO,64012,425.15,26.63,1703045016,,,,,,,,,,
,tf,NFO,64012,425.15,26.63,1703045016,,,,,,,,,,
,tf,NFO,64012,426.00,26.88,1703045017,,,,,,,,,,
,tf,NFO,64012,426.00,26.88,1703045017,,,,,,,,,,
,tf,NFO,64012,425.00,26.58,1703045018,,612555,424.70,425.75,195,,,,,
,tf,NFO,64012,425.00,26.58,1703045018,,612555,424.70,425.75,195,,,,,
,tf,NFO,64012,426.75,27.10,1703045019,,,,,,,,,,
,tf,NFO,64012,426.75,27.10,1703045019,,,,,,,,,,
,tf,NFO,64012,427.80,27.42,1703045020,,613035,426.45,427.25,90,120,,,,
,tf,NFO,64012,427.80,27.42,1703045020,,613035,426.45,427.25,90,120,,,,
,tf,NFO,64012,426.05,26.90,1703045021,,,,,,,,,,
,tf,NFO,64012,426.05,26.90,1703045021,,,,,,,,,,
,tf,NFO,64012,426.50,27.03,1703045023,,,,,,,,,,
,tf,NFO,64012,426.50,27.03,1703045023,,,,,,,,,,
,tf,NFO,64012,427.05,27.19,1703045024,,,,,,,,,,
,tf,NFO,64012,427.05,27.19,1703045024,,,,,,,,,,
,tf,NFO,64012,427.70,27.39,1703045025,,,,,,,,,,
,tf,NFO,64012,427.70,27.39,1703045025,,,,,,,,,,
,tf,NFO,64012,427.80,27.42,1703045026,,613605,426.55,427.65,120,90,,,,
,tf,NFO,64012,427.80,27.42,1703045026,,613605,426.55,427.65,120,90,,,,
,tf,NFO,64012,427.30,27.27,1703045027,,,,,,,,,,
,tf,NFO,64012,427.30,27.27,1703045027,,,,,,,,,,
,tf,NFO,64012,427.95,27.46,1703045028,,,,,,,,,,
,tf,NFO,64012,427.95,27.46,1703045028,,,,,,,,,,
,tf,NFO,64012,428.15,27.52,1703045029,,,,,,,,,,
,tf,NFO,64012,428.15,27.52,1703045029,,,,,,,,,,
,tf,NFO,64012,427.95,27.46,1703045031,,,,,,,,,,
,tf,NFO,64012,427.95,27.46,1703045031,,,,,,,,,,
,tf,NFO,64012,429.25,27.85,1703045031,,614040,428.05,429.00,30,,,,,
,tf,NFO,64012,429.25,27.85,1703045031,,614040,428.05,429.00,30,,,,,
,tf,NFO,64012,428.80,27.71,1703045034,,,,,,,,,,
,tf,NFO,64012,428.80,27.71,1703045034,,,,,,,,,,
,tf,NFO,64012,428.40,27.59,1703045035,,614205,428.00,428.40,30,870,,,,
,tf,NFO,64012,428.40,27.59,1703045035,,614205,428.00,428.40,30,870,,,,
,tf,NFO,64012,428.00,27.48,1703045035,,,,,,,,,,
,tf,NFO,64012,428.00,27.48,1703045035,,,,,,,,,,
,tf,NFO,64012,427.05,27.19,1703045036,,614250,426.40,427.45,270,90,,,,
,tf,NFO,64012,427.05,27.19,1703045036,,614250,426.40,427.45,270,90,,,,
,tf,NFO,64012,427.35,27.28,1703045038,,,,,,,,,,
,tf,NFO,64012,427.35,27.28,1703045038,,,,,,,,,,
,tf,NFO,64012,427.20,27.24,1703045038,,614280,426.10,427.20,90,75,,,,
,tf,NFO,64012,427.20,27.24,1703045038,,614280,426.10,427.20,90,75,,,,
,tf,NFO,64012,428.60,27.65,1703045040,,,,,,,,,,
,tf,NFO,64012,428.60,27.65,1703045040,,,,,,,,,,
,tf,NFO,64012,428.30,27.57,1703045040,,,,,,,,,,
,tf,NFO,64012,428.30,27.57,1703045040,,,,,,,,,,
,tf,NFO,64012,427.90,27.45,1703045041,,,,,,,,,,
,tf,NFO,64012,427.90,27.45,1703045041,,,,,,,,,,
,tf,NFO,64012,430.95,28.35,1703045042,,,,,,,,,,
,tf,NFO,64012,430.95,28.35,1703045042,,,,,,,,,,
,tf,NFO,64012,431.05,28.38,1703045044,,,,,,,,,,
,tf,NFO,64012,431.05,28.38,1703045044,,,,,,,,,,
,tf,NFO,64012,429.95,28.06,1703045044,,,,,,,,,,
,tf,NFO,64012,429.95,28.06,1703045044,,,,,,,,,,
,tf,NFO,64012,430.50,28.22,1703045045,,616500,429.35,430.35,30,240,,,,
,tf,NFO,64012,430.50,28.22,1703045045,,616500,429.35,430.35,30,240,,,,
,tf,NFO,64012,428.65,27.67,1703045046,,,,,,,,,,
,tf,NFO,64012,428.65,27.67,1703045046,,,,,,,,,,
,tf,NFO,64012,429.60,27.95,1703045047,,,,,,,,,,
,tf,NFO,64012,429.60,27.95,1703045047,,,,,,,,,,
,tf,NFO,64012,429.05,27.79,1703045048,,616740,428.35,429.30,150,315,,,,
,tf,NFO,64012,429.05,27.79,1703045048,,616740,428.35,429.30,150,315,,,,
,tf,NFO,64012,426.60,27.06,1703045049,,,,,,,,,,
,tf,NFO,64012,426.60,27.06,1703045049,,,,,,,,,,
,tf,NFO,64012,423.90,26.25,1703045050,,,,,,,,,,
,tf,NFO,64012,423.90,26.25,1703045050,,,,,,,,,,
,tf,NFO,64012,425.65,26.78,1703045052,,,,,,,,,,
,tf,NFO,64012,425.65,26.78,1703045052,,,,,,,,,,
,tf,NFO,64012,425.00,26.58,1703045052,,,,,,,,,,
,tf,NFO,64012,425.00,26.58,1703045052,,,,,,,,,,
,tf,NFO,64012,425.15,26.63,1703045053,,618015,424.80,425.95,15,210,,,,
,tf,NFO,64012,425.15,26.63,1703045053,,618015,424.80,425.95,15,210,,,,
,tf,NFO,64012,426.65,27.07,1703045053,,,,,,,,,,
,tf,NFO,64012,426.65,27.07,1703045053,,,,,,,,,,
,tf,NFO,64012,426.35,26.98,1703045054,,,,,,,,,,
,tf,NFO,64012,426.35,26.98,1703045054,,,,,,,,,,
,tf,NFO,64012,426.65,27.07,1703045055,,618120,425.10,426.05,90,195,,,,
,tf,NFO,64012,426.65,27.07,1703045055,,618120,425.10,426.05,90,195,,,,
,tf,NFO,64012,425.45,26.72,1703045055,,,,,,,,,,
,tf,NFO,64012,425.45,26.72,1703045055,,,,,,,,,,
,tf,NFO,64012,426.20,26.94,1703045056,428.96,619290,424.90,,345,45,,,,
,tf,NFO,64012,426.20,26.94,1703045056,428.96,619290,424.90,,345,45,,,,
,tf,NFO,64012,425.70,26.79,1703045056,,,,,,,,,,
,tf,NFO,64012,425.70,26.79,1703045056,,,,,,,,,,
,tf,NFO,64012,424.85,26.54,1703045058,,,,,,,,,,
,tf,NFO,64012,424.85,26.54,1703045058,,,,,,,,,,
,tf,NFO,64012,425.60,26.76,1703045059,,,,,,,,,,
,tf,NFO,64012,425.60,26.76,1703045059,,,,,,,,,,
,tf,NFO,64012,425.65,26.78,1703045059,,,,,,,,,,
,tf,NFO,64012,425.65,26.78,1703045059,,,,,,,,,,
,tf,NFO,64012,425.05,26.60,1703045060,,,,,,,,,,
,tf,NFO,64012,425.05,26.60,1703045060,,,,,,,,,,
,tf,NFO,64012,425.15,26.63,1703045061,,619695,424.55,425.60,135,,,,,
,tf,NFO,64012,425.15,26.63,1703045061,,619695,424.55,425.60,135,,,,,
,tf,NFO,64012,425.50,26.73,1703045062,,,,,,,,,,
,tf,NFO,64012,425.50,26.73,1703045062,,,,,,,,,,
,tf,NFO,64012,423.90,26.25,1703045064,,,,,,,,,,
,tf,NFO,64012,423.90,26.25,1703045064,,,,,,,,,,
,tf,NFO,64012,424.65,26.48,1703045064,,,,,,,,,,
,tf,NFO,64012,424.65,26.48,1703045064,,,,,,,,,,
,tf,NFO,64012,425.45,26.72,1703045065,,619965,424.70,425.65,,240,,,,
,tf,NFO,64012,425.45,26.72,1703045065,,619965,424.70,425.65,,240,,,,
,tf,NFO,64012,425.05,26.60,1703045066,,620025,423.95,424.95,15,270,,,,
,tf,NFO,64012,425.05,26.60,1703045066,,620025,423.95,424.95,15,270,,,,
,tf,NFO,64012,424.00,26.28,1703045067,,,,,,,,,,
,tf,NFO,64012,424.00,26.28,1703045067,,,,,,,,,,
,tf,NFO,64012,423.30,26.08,1703045068,,620190,423.80,424.90,90,375,,,,
,tf,NFO,64012,423.30,26.08,1703045068,,620190,423.80,424.90,90,375,,,,
,tf,NFO,64012,424.85,26.54,1703045068,,,,,,,,,,
,tf,NFO,64012,424.85,26.54,1703045068,,,,,,,,,,
,tf,NFO,64012,424.90,26.55,1703045069,,,,,,,,,,
,tf,NFO,64012,424.90,26.55,1703045069,,,,,,,,,,
,tf,NFO,64012,424.60,26.46,1703045070,,,,,,,,,,
,tf,NFO,64012,424.60,26.46,1703045070,,,,,,,,,,
,tf,NFO,64012,424.95,26.57,1703045071,428.95,620565,424.10,425.00,15,75,,,,
,tf,NFO,64012,424.95,26.57,1703045071,428.95,620565,424.10,425.00,15,75,,,,
,tf,NFO,64012,424.90,26.55,1703045072,,,,,,,,,,
,tf,NFO,64012,424.90,26.55,1703045072,,,,,,,,,,
,tf,NFO,64012,423.95,26.27,1703045073,,620760,424.00,424.95,135,30,,,,
,tf,NFO,64012,423.95,26.27,1703045073,,620760,424.00,424.95,135,30,,,,
,tf,NFO,64012,424.25,26.36,1703045076,,,,,,,,,,
,tf,NFO,64012,424.25,26.36,1703045076,,,,,,,,,,
,tf,NFO,64012,424.50,26.43,1703045076,,,,,,,,,,
,tf,NFO,64012,424.50,26.43,1703045076,,,,,,,,,,
,tf,NFO,64012,423.45,26.12,1703045077,,,,,,,,,,
,tf,NFO,64012,423.45,26.12,1703045077,,,,,,,,,,
,tf,NFO,64012,423.00,25.99,1703045078,,620895,422.55,423.60,45,15,,,,
,tf,NFO,64012,423.00,25.99,1703045078,,620895,422.55,423.60,45,15,,,,
,tf,NFO,64012,423.90,26.25,1703045082,,,,,,,,,,
,tf,NFO,64012,423.90,26.25,1703045082,,,,,,,,,,
,tf,NFO,64012,423.45,26.12,1703045083,428.94,622665,422.60,423.45,180,45,,,,
,tf,NFO,64012,423.45,26.12,1703045083,428.94,622665,422.60,423.45,180,45,,,,
,tf,NFO,64012,422.65,25.88,1703045083,,,,,,,,,,
,tf,NFO,64012,422.65,25.88,1703045083,,,,,,,,,,
,tf,NFO,64012,423.25,26.06,1703045084,,,,,,,,,,
,tf,NFO,64012,423.25,26.06,1703045084,,,,,,,,,,
,tf,NFO,64012,422.20,25.75,1703045085,428.93,622965,422.25,423.25,135,105,,,,
,tf,NFO,64012,422.20,25.75,1703045085,428.93,622965,422.25,423.25,135,105,,,,
,tf,NFO,64012,423.20,26.05,1703045086,,,,,,,,,,
,tf,NFO,64012,423.20,26.05,1703045086,,,,,,,,,,
,tf,NFO,64012,425.00,26.58,1703045087,,,,,,,,,,
,tf,NFO,64012,425.00,26.58,1703045087,,,,,,,,,,
,tf,NFO,64012,425.20,26.64,1703045088,,623160,424.80,425.80,120,15,,,,
,tf,NFO,64012,425.20,26.64,1703045088,,623160,424.80,425.80,120,15,,,,
,tf,NFO,64012,425.80,26.82,1703045089,,,,,,,,,,
,tf,NFO,64012,425.80,26.82,1703045089,,,,,,,,,,
,tf,NFO,64012,425.90,26.85,1703045090,,623205,425.45,426.40,30,45,,,,
,tf,NFO,64012,425.90,26.85,1703045090,,623205,425.45,426.40,30,45,,,,
,tf,NFO,64012,423.10,26.02,1703045091,,,,,,,,,,
,tf,NFO,64012,423.10,26.02,1703045091,,,,,,,,,,
,tf,NFO,64012,423.70,26.20,1703045092,,,,,,,,,,
,tf,NFO,64012,423.70,26.20,1703045092,,,,,,,,,,
,tf,NFO,64012,423.90,26.25,1703045093,,623355,,,,135,,,,
,tf,NFO,64012,423.90,26.25,1703045093,,623355,,,,135,,,,
,tf,NFO,64012,423.85,26.24,1703045094,,,,,,,,,,
,tf,NFO,64012,423.85,26.24,1703045094,,,,,,,,,,
,tf,NFO,64012,423.90,26.25,1703045096,,,,,,,,,,
,tf,NFO,64012,423.90,26.25,1703045096,,,,,,,,,,
,tf,NFO,64012,424.00,26.28,1703045097,,,,,,,,,,
,tf,NFO,64012,424.00,26.28,1703045097,,,,,,,,,,
,tf,NFO,64012,422.95,25.97,1703045099,,,,,,,,,,
,tf,NFO,64012,422.95,25.97,1703045099,,,,,,,,,,
,tf,NFO,64012,423.80,26.22,1703045100,,,,,,,,,,
,tf,NFO,64012,423.80,26.22,1703045100,,,,,,,,,,
,tf,NFO,64012,423.90,26.25,1703045100,,623625,423.90,424.80,225,45,,,,
,tf,NFO,64012,423.90,26.25,1703045100,,623625,423.90,424.80,225,45,,,,
,tf,NFO,64012,424.80,26.52,1703045100,,,,,,,,,,
,tf,NFO,64012,424.80,26.52,1703045100,,,,,,,,,,
,tf,NFO,64012,426.00,26.88,1703045101,,,,,,,,,,
,tf,NFO,64012,426.00,26.88,1703045101,,,,,,,,,,
,tf,NFO,64012,425.80,26.82,1703045102,,,,,,,,,,
,tf,NFO,64012,425.80,26.82,1703045102,,,,,,,,,,
,tf,NFO,64012,426.10,26.91,1703045103,,623790,,426.25,60,135,,,,
,tf,NFO,64012,426.10,26.91,1703045103,,623790,,426.25,60,135,,,,
,tf,NFO,64012,426.90,27.15,1703045104,,,,,,,,,,
,tf,NFO,64012,426.90,27.15,1703045104,,,,,,,,,,
,tf,NFO,64012,425.95,26.87,1703045104,,,,,,,,,,
,tf,NFO,64012,425.95,26.87,1703045104,,,,,,,,,,
,tf,NFO,64012,427.00,27.18,1703045105,428.92,624915,,426.95,135,225,,,,
,tf,NFO,64012,427.00,27.18,1703045105,428.92,624915,,426.95,135,225,,,,
,tf,NFO,64012,426.50,27.03,1703045105,,,,,,,,,,
,tf,NFO,64012,426.50,27.03,1703045105,,,,,,,,,,
,tf,NFO,64012,425.45,26.72,1703045106,,,,,,,,,,
,tf,NFO,64012,425.45,26.72,1703045106,,,,,,,,,,
,tf,NFO,64012,425.75,26.81,1703045107,,,,,,,,,,
,tf,NFO,64012,425.75,26.81,1703045107,,,,,,,,,,
,tf,NFO,64012,424.90,26.55,1703045108,428.89,631410,424.90,425.85,15,,,,,
,tf,NFO,64012,424.90,26.55,1703045108,428.89,631410,424.90,425.85,15,,,,,
,tf,NFO,64012,426.40,27.00,1703045108,,,,,,,,,,
,tf,NFO,64012,426.40,27.00,1703045108,,,,,,,,,,
,tf,NFO,64012,426.75,27.10,1703045109,,,,,,,,,,
,tf,NFO,64012,426.75,27.10,1703045109,,,,,,,,,,
,tf,NFO,64012,427.55,27.34,1703045110,428.88,634830,426.40,427.50,75,15,,,,
,tf,NFO,64012,427.55,27.34,1703045110,428.88,634830,426.40,427.50,75,15,,,,
,tf,NFO,64012,426.45,27.01,1703045110,,,,,,,,,,
,tf,NFO,64012,426.45,27.01,1703045110,,,,,,,,,,
,tf,NFO,64012,427.55,27.34,1703045111,,,,,,,,,,
,tf,NFO,64012,427.55,27.34,1703045111,,,,,,,,,,
,tf,NFO,64012,427.65,27.37,1703045112,,,,,,,,,,
,tf,NFO,64012,427.65,27.37,1703045112,,,,,,,,,,
,tf,NFO,64012,427.00,27.18,1703045113,,636285,426.85,427.90,45,,,,,
,tf,NFO,64012,427.00,27.18,1703045113,,636285,426.85,427.90,45,,,,,
,tf,NFO,64012,426.85,27.13,1703045113,,,,,,,,,,
,tf,NFO,64012,426.85,27.13,1703045113,,,,,,,,,,
,tf,NFO,64012,426.70,27.09,1703045114,,,,,,,,,,
,tf,NFO,64012,426.70,27.09,1703045114,,,,,,,,,,
,tf,NFO,64012,429.05,27.79,1703045115,,636765,429.05,430.00,105,105,,,,
,tf,NFO,64012,429.05,27.79,1703045115,,636765,429.05,430.00,105,105,,,,
,tf,NFO,64012,427.70,27.39,1703045117,,,,,,,,,,
,tf,NFO,64012,427.70,27.39,1703045117,,,,,,,,,,
,tf,NFO,64012,426.95,27.16,1703045117,,,,,,,,,,
,tf,NFO,64012,426.95,27.16,1703045117,,,,,,,,,,
,tf,NFO,64012,426.20,26.94,1703045118,,636990,426.65,427.65,30,75,,,,
,tf,NFO,64012,426.20,26.94,1703045118,,636990,426.65,427.65,30,75,,,,
,tf,NFO,64012,427.20,27.24,1703045119,,,,,,,,,,
,tf,NFO,64012,427.20,27.24,1703045119,,,,,,,,,,
,tf,NFO,64012,427.55,27.34,1703045120,,637065,426.55,427.55,240,30,,,,
,tf,NFO,64012,427.55,27.34,1703045120,,637065,426.55,427.55,240,30,,,,
,tf,NFO,64012,427.50,27.33,1703045120,,,,,,,,,,
,tf,NFO,64012,427.50,27.33,1703045120,,,,,,,,,,
,tf,NFO,64012,427.85,27.43,1703045122,,,,,,,,,,
,tf,NFO,64012,427.85,27.43,1703045122,,,,,,,,,,
,tf,NFO,64012,427.50,27.33,1703045122,,,,,,,,,,
,tf,NFO,64012,427.50,27.33,1703045122,,,,,,,,,,
,tf,NFO,64012,426.00,26.88,1703045123,428.87,637260,425.55,426.50,75,120,,,,
,tf,NFO,64012,426.00,26.88,1703045123,428.87,637260,425.55,426.50,75,120,,,,
,tf,NFO,64012,426.35,26.98,1703045124,,,,,,,,,,
,tf,NFO,64012,426.35,26.98,1703045124,,,,,,,,,,
,tf,NFO,64012,425.00,26.58,1703045125,,638025,424.75,425.70,315,225,,,,
,tf,NFO,64012,425.00,26.58,1703045125,,638025,424.75,425.70,315,225,,,,
,tf,NFO,64012,424.85,26.54,1703045128,,638685,425.00,425.10,75,120,,,,
,tf,NFO,64012,424.85,26.54,1703045128,,638685,425.00,425.10,75,120,,,,
,tf,NFO,64012,424.75,26.51,1703045128,,,,,,,,,,
,tf,NFO,64012,424.75,26.51,1703045128,,,,,,,,,,
,tf,NFO,64012,424.50,26.43,1703045130,,,,,,,,,,
,tf,NFO,64012,424.50,26.43,1703045130,,,,,,,,,,
,tf,NFO,64012,425.30,26.67,1703045130,,,,,,,,,,
,tf,NFO,64012,425.30,26.67,1703045130,,,,,,,,,,
,tf,NFO,64012,424.80,26.52,1703045131,,,,,,,,,,
,tf,NFO,64012,424.80,26.52,1703045131,,,,,,,,,,
,tf,NFO,64012,425.50,26.73,1703045134,,,,,,,,,,
,tf,NFO,64012,425.50,26.73,1703045134,,,,,,,,,,
,tf,NFO,64012,425.25,26.66,1703045135,,,,,,,,,,
,tf,NFO,64012,425.25,26.66,1703045135,,,,,,,,,,
,tf,NFO,64012,424.75,26.51,1703045136,,639105,424.80,425.65,30,45,,,,
,tf,NFO,64012,424.75,26.51,1703045136,,639105,424.80,425.65,30,45,,,,
,tf,NFO,64012,424.70,26.49,1703045137,,,,,,,,,,
,tf,NFO,64012,424.70,26.49,1703045137,,,,,,,,,,
,tf,NFO,64012,425.35,26.69,1703045138,,,,,,,,,,
,tf,NFO,64012,425.35,26.69,1703045138,,,,,,,,,,
,tf,NFO,64012,423.25,26.06,1703045141,,,,,,,,,,
,tf,NFO,64012,423.25,26.06,1703045141,,,,,,,,,,
,tf,NFO,64012,421.55,25.55,1703045142,,,,,,,,,,
,tf,NFO,64012,421.55,25.55,1703045142,,,,,,,,,,
,tf,NFO,64012,421.30,25.48,1703045143,,,,,,,,,,
,tf,NFO,64012,421.30,25.48,1703045143,,,,,,,,,,
,tf,NFO,64012,422.45,25.82,1703045144,,,,,,,,,,
,tf,NFO,64012,422.45,25.82,1703045144,,,,,,,,,,
,tf,NFO,64012,424.60,26.46,1703045144,428.84,641190,423.85,424.85,75,75,,,,
,tf,NFO,64012,424.60,26.46,1703045144,428.84,641190,423.85,424.85,75,75,,,,
,tf,NFO,64012,423.55,26.15,1703045145,,,,,,,,,,
,tf,NFO,64012,423.55,26.15,1703045145,,,,,,,,,,
,tf,NFO,64012,423.65,26.18,1703045146,,,,,,,,,,
,tf,NFO,64012,423.65,26.18,1703045146,,,,,,,,,,
,tf,NFO,64012,423.75,26.21,1703045147,,,,,,,,,,
,tf,NFO,64012,423.75,26.21,1703045147,,,,,,,,,,
,tf,NFO,64012,423.50,26.14,1703045148,,642060,422.55,423.55,225,225,,,,
,tf,NFO,64012,423.50,26.14,1703045148,,642060,422.55,423.55,225,225,,,,
,tf,NFO,64012,423.20,26.05,1703045148,,,,,,,,,,
,tf,NFO,64012,423.20,26.05,1703045148,,,,,,,,,,
,tf,NFO,64012,422.80,25.93,1703045149,,,,,,,,,,
,tf,NFO,64012,422.80,25.93,1703045149,,,,,,,,,,
,tf,NFO,64012,422.35,25.79,1703045149,428.83,642450,422.30,423.30,75,15,,,,
,tf,NFO,64012,422.35,25.79,1703045149,428.83,642450,422.30,423.30,75,15,,,,
,tf,NFO,64012,423.45,26.12,1703045150,,,,,,,,,,
,tf,NFO,64012,423.45,26.12,1703045150,,,,,,,,,,
,tf,NFO,64012,424.65,26.48,1703045151,,,,,,,,,,
,tf,NFO,64012,424.65,26.48,1703045151,,,,,,,,,,
,tf,NFO,64012,424.95,26.57,1703045152,,,,,,,,,,
,tf,NFO,64012,424.95,26.57,1703045152,,,,,,,,,,
,tf,NFO,64012,423.65,26.18,1703045153,,642885,423.20,424.25,90,45,,,,
,tf,NFO,64012,423.65,26.18,1703045153,,642885,423.20,424.25,90,45,,,,
,tf,NFO,64012,424.35,26.39,1703045154,,,,,,,,,,
,tf,NFO,64012,424.35,26.39,1703045154,,,,,,,,,,
,tf,NFO,64012,423.55,26.15,1703045155,,,,,,,,,,
,tf,NFO,64012,423.55,26.15,1703045155,,,,,,,,,,
,tf,NFO,64012,425.00,26.58,1703045156,,643125,425.00,425.50,,60,,,,
,tf,NFO,64012,425.00,26.58,1703045156,,643125,425.00,425.50,,60,,,,
,tf,NFO,64012,425.50,26.73,1703045157,,,,,,,,,,
,tf,NFO,64012,425.50,26.73,1703045157,,,,,,,,,,
,tf,NFO,64012,425.90,26.85,1703045158,,643395,425.10,425.90,30,90,,,,
,tf,NFO,64012,425.90,26.85,1703045158,,643395,425.10,425.90,30,90,,,,
,tf,NFO,64012,424.65,26.48,1703045158,,,,,,,,,,
,tf,NFO,64012,424.65,26.48,1703045158,,,,,,,,,,
,tf,NFO,64012,425.00,26.58,1703045159,,,,,,,,,,
,tf,NFO,64012,425.00,26.58,1703045159,,,,,,,,,,
,tf,NFO,64012,424.45,26.42,1703045159,,643665,423.55,424.40,15,45,,,,
,tf,NFO,64012,424.45,26.42,1703045159,,643665,423.55,424.40,15,45,,,,
,tf,NFO,64012,423.55,26.15,1703045160,,,,,,,,,,
,tf,NFO,64012,423.55,26.15,1703045160,,,,,,,,,,
,tf,NFO,64012,424.50,26.43,1703045161,428.82,644235,423.70,424.50,60,15,,,,
,tf,NFO,64012,424.50,26.43,1703045161,428.82,644235,423.70,424.50,60,15,,,,
,tf,NFO,64012,423.40,26.11,1703045162,,,,,,,,,,
,tf,NFO,64012,423.40,26.11,1703045162,,,,,,,,,,
,tf,NFO,64012,424.25,26.36,1703045164,,,,,,,,,,
,tf,NFO,64012,424.25,26.36,1703045164,,,,,,,,,,
,tf,NFO,64012,424.60,26.46,1703045165,,,,,,,,,,
,tf,NFO,64012,424.60,26.46,1703045165,,,,,,,,,,
,tf,NFO,64012,425.50,26.73,1703045166,,644625,424.75,425.55,75,15,,,,
,tf,NFO,64012,425.50,26.73,1703045166,,644625,424.75,425.55,75,15,,,,
,tf,NFO,64012,424.90,26.55,1703045166,,,,,,,,,,
,tf,NFO,64012,424.90,26.55,1703045166,,,,,,,,,,
,tf,NFO,64012,424.95,26.57,1703045167,,,,,,,,,,
,tf,NFO,64012,424.95,26.57,1703045167,,,,,,,,,,
,tf,NFO,64012,424.50,26.43,1703045168,,644820,425.10,,330,105,,,,
,tf,NFO,64012,424.50,26.43,1703045168,,644820,425.10,,330,105,,,,
,tf,NFO,64012,425.55,26.75,1703045168,,,,,,,,,,
,tf,NFO,64012,425.55,26.75,1703045168,,,,,,,,,,
,tf,NFO,64012,425.75,26.81,1703045169,,,,,,,,,,
,tf,NFO,64012,425.75,26.81,1703045169,,,,,,,,,,
,tf,NFO,64012,426.00,26.88,1703045170,,,,,,,,,,
,tf,NFO,64012,426.00,26.88,1703045170,,,,,,,,,,
,tf,NFO,64012,426.05,26.90,1703045171,,645075,425.40,426.10,,,,,,
,tf,NFO,64012,426.05,26.90,1703045171,,645075,425.40,426.10,,,,,,
,tf,NFO,64012,424.90,26.55,1703045172,,,,,,,,,,
,tf,NFO,64012,424.90,26.55,1703045172,,,,,,,,,,
,tf,NFO,64012,425.05,26.60,1703045174,,,,,,,,,,
,tf,NFO,64012,425.05,26.60,1703045174,,,,,,,,,,
,tf,NFO,64012,425.65,26.78,1703045174,,,,,,,,,,
,tf,NFO,64012,425.65,26.78,1703045174,,,,,,,,,,
,tf,NFO,64012,425.40,26.70,1703045175,,,,,,,,,,
,tf,NFO,64012,425.40,26.70,1703045175,,,,,,,,,,
,tf,NFO,64012,424.35,26.39,1703045176,,645345,424.30,425.25,75,45,,,,
,tf,NFO,64012,424.35,26.39,1703045176,,645345,424.30,425.25,75,45,,,,
,tf,NFO,64012,425.85,26.84,1703045177,,,,,,,,,,
,tf,NFO,64012,425.85,26.84,1703045177,,,,,,,,,,
,tf,NFO,64012,425.20,26.64,1703045178,428.81,645945,424.65,425.75,,120,,,,
,tf,NFO,64012,425.20,26.64,1703045178,428.81,645945,424.65,425.75,,120,,,,
,tf,NFO,64012,425.75,26.81,1703045179,,,,,,,,,,
,tf,NFO,64012,425.75,26.81,1703045179,,,,,,,,,,
,tf,NFO,64012,425.65,26.78,1703045180,,646050,,425.55,,240,,,,
,tf,NFO,64012,425.65,26.78,1703045180,,646050,,425.55,,240,,,,
,tf,NFO,64012,425.40,26.70,1703045180,,,,,,,,,,
,tf,NFO,64012,425.40,26.70,1703045180,,,,,,,,,,
,tf,NFO,64012,425.10,26.61,1703045181,,646125,424.15,425.10,,165,,,,
,tf,NFO,64012,425.10,26.61,1703045181,,646125,424.15,425.10,,165,,,,
,tf,NFO,64012,424.10,26.31,1703045182,,,,,,,,,,
,tf,NFO,64012,424.10,26.31,1703045182,,,,,,,,,,
,tf,NFO,64012,424.05,26.30,1703045183,,,,,,,,,,
,tf,NFO,64012,424.05,26.30,1703045183,,,,,,,,,,
,tf,NFO,64012,424.90,26.55,1703045184,,,,,,,,,,
,tf,NFO,64012,424.90,26.55,1703045184,,,,,,,,,,
,tf,NFO,64012,427.30,27.27,1703045185,,646395,426.35,427.30,15,165,,,,
,tf,NFO,64012,427.30,27.27,1703045185,,646395,426.35,427.30,15,165,,,,
,tf,NFO,64012,424.80,26.52,1703045186,,646485,424.35,425.25,30,345,,,,
,tf,NFO,64012,424.80,26.52,1703045186,,646485,424.35,425.25,30,345,,,,
,tf,NFO,64012,424.50,26.43,1703045187,,,,,,,,,,
,tf,NFO,64012,424.50,26.43,1703045187,,,,,,,,,,
,tf,NFO,64012,425.05,26.60,1703045188,,,,,,,,,,
,tf,NFO,64012,425.05,26.60,1703045188,,,,,,,,,,
,tf,NFO,64012,425.85,26.84,1703045189,,,,,,,,,,
,tf,NFO,64012,425.85,26.84,1703045189,,,,,,,,,,
,tf,NFO,64012,426.55,27.04,1703045191,,646920,425.75,426.60,30,60,,,,
,tf,NFO,64012,426.55,27.04,1703045191,,646920,425.75,426.60,30,60,,,,
,tf,NFO,64012,426.70,27.09,1703045191,,,,,,,,,,
,tf,NFO,64012,426.70,27.09,1703045191,,,,,,,,,,
,tf,NFO,64012,427.35,27.28,1703045194,,,,,,,,,,
,tf,NFO,64012,427.35,27.28,1703045194,,,,,,,,,,
,tf,NFO,64012,427.15,27.22,1703045195,,,,,,,,,,
,tf,NFO,64012,427.15,27.22,1703045195,,,,,,,,,,
,tf,NFO,64012,426.30,26.97,1703045196,,647100,426.20,427.30,45,30,,,,
,tf,NFO,64012,426.30,26.97,1703045196,,647100,426.20,427.30,45,30,,,,
,tf,NFO,64012,426.15,26.92,1703045197,,,,,,,,,,
,tf,NFO,64012,426.15,26.92,1703045197,,,,,,,,,,
,tf,NFO,64012,426.90,27.15,1703045198,428.80,649065,425.95,426.90,225,,,,,
,tf,NFO,64012,426.90,27.15,1703045198,428.80,649065,425.95,426.90,225,,,,,
,tf,NFO,64012,425.75,26.81,1703045199,,,,,,,,,,
,tf,NFO,64012,425.75,26.81,1703045199,,,,,,,,,,
,tf,NFO,64012,426.20,26.94,1703045200,,,,,,,,,,
,tf,NFO,64012,426.20,26.94,1703045200,,,,,,,,,,
,tf,NFO,64012,426.05,26.90,1703045201,,649320,,426.05,225,60,,,,
,tf,NFO,64012,426.05,26.90,1703045201,,649320,,426.05,225,60,,,,
,tf,NFO,64012,426.30,26.97,1703045203,,649500,426.50,427.40,60,,,,,
,tf,NFO,64012,426.30,26.97,1703045203,,649500,426.50,427.40,60,,,,,
,tf,NFO,64012,427.30,27.27,1703045205,,,,,,,,,,
,tf,NFO,64012,427.30,27.27,1703045205,,,,,,,,,,
,tf,NFO,64012,427.00,27.18,1703045206,,,,,,,,,,
,tf,NFO,64012,427.00,27.18,1703045206,,,,,,,,,,
,tf,NFO,64012,427.35,27.28,1703045208,,,,,,,,,,
,tf,NFO,64012,427.35,27.28,1703045208,,,,,,,,,,
,tf,NFO,64012,427.00,27.18,1703045209,,,,,,,,,,
,tf,NFO,64012,427.00,27.18,1703045209,,,,,,,,,,
,tf,NFO,64012,426.00,26.88,1703045210,,,,,,,,,,
,tf,NFO,64012,426.00,26.88,1703045210,,,,,,,,,,
,tf,NFO,64012,426.90,27.15,1703045210,,,,,,,,,,
,tf,NFO,64012,426.90,27.15,1703045210,,,,,,,,,,
,tf,NFO,64012,426.30,26.97,1703045211,428.79,650010,426.70,427.00,15,525,,,,
,tf,NFO,64012,426.30,26.97,1703045211,428.79,650010,426.70,427.00,15,525,,,,
,tf,NFO,64012,427.00,27.18,1703045211,,,,,,,,,,
,tf,NFO,64012,427.00,27.18,1703045211,,,,,,,,,,
,tf,NFO,64012,427.35,27.28,1703045212,,,,,,,,,,
,tf,NFO,64012,427.35,27.28,1703045212,,,,,,,,,,
,tf,NFO,64012,427.15,27.22,1703045213,,,,,,,,,,
,tf,NFO,64012,427.15,27.22,1703045213,,,,,,,,,,
,tf,NFO,64012,427.95,27.46,1703045214,,,,,,,,,,
,tf,NFO,64012,427.95,27.46,1703045214,,,,,,,,,,
,tf,NFO,64012,428.00,27.48,1703045215,,,,,,,,,,
,tf,NFO,64012,428.00,27.48,1703045215,,,,,,,,,,
,tf,NFO,64012,429.55,27.94,1703045216,,651780,429.05,429.95,195,90,,,,
,tf,NFO,64012,429.55,27.94,1703045216,,651780,429.05,429.95,195,90,,,,
,tf,NFO,64012,428.85,27.73,1703045217,,,,,,,,,,
,tf,NFO,64012,428.85,27.73,1703045217,,,,,,,,,,
,tf,NFO,64012,429.45,27.91,1703045218,,,,,,,,,,
,tf,NFO,64012,429.45,27.91,1703045218,,,,,,,,,,
,tf,NFO,64012,431.70,28.58,1703045219,428.80,654000,430.45,431.35,15,15,,,,
,tf,NFO,64012,431.70,28.58,1703045219,428.80,654000,430.45,431.35,15,15,,,,
,tf,NFO,64012,429.50,27.92,1703045220,,,,,,,,,,
,tf,NFO,64012,429.50,27.92,1703045220,,,,,,,,,,
,tf,NFO,64012,428.75,27.70,1703045221,,654105,427.55,428.45,210,,,,,
,tf,NFO,64012,428.75,27.70,1703045221,,654105,427.55,428.45,210,,,,,
,tf,NFO,64012,428.45,27.61,1703045222,,,,,,,,,,
,tf,NFO,64012,428.45,27.61,1703045222,,,,,,,,,,
,tf,NFO,64012,430.00,28.07,1703045223,,,,,,,,,,
,tf,NFO,64012,430.00,28.07,1703045223,,,,,,,,,,
,tf,NFO,64012,428.35,27.58,1703045224,,,,,,,,,,
,tf,NFO,64012,428.35,27.58,1703045224,,,,,,,,,,
,tf,NFO,64012,427.85,27.43,1703045224,,654450,427.90,428.65,195,,,,,
,tf,NFO,64012,427.85,27.43,1703045224,,654450,427.90,428.65,195,,,,,
,tf,NFO,64012,429.00,27.77,1703045226,,654600,427.95,428.80,45,30,,,,
,tf,NFO,64012,429.00,27.77,1703045226,,654600,427.95,428.80,45,30,,,,
,tf,NFO,64012,428.40,27.59,1703045228,,654615,427.40,428.35,30,75,,,,
,tf,NFO,64012,428.40,27.59,1703045228,,654615,427.40,428.35,30,75,,,,
,tf,NFO,64012,427.35,27.28,1703045228,,,,,,,,,,
,tf,NFO,64012,427.35,27.28,1703045228,,,,,,,,,,
,tf,NFO,64012,426.00,26.88,1703045229,,,,,,,,,,
,tf,NFO,64012,426.00,26.88,1703045229,,,,,,,,,,
,tf,NFO,64012,426.20,26.94,1703045229,428.79,655440,425.15,426.10,45,15,,,,
,tf,NFO,64012,426.20,26.94,1703045229,428.79,655440,425.15,426.10,45,15,,,,
,tf,NFO,64012,425.25,26.66,1703045230,,,,,,,,,,
,tf,NFO,64012,425.25,26.66,1703045230,,,,,,,,,,
,tf,NFO,64012,424.35,26.39,1703045231,,655830,424.05,424.95,,90,,,,
,tf,NFO,64012,424.35,26.39,1703045231,,655830,424.05,424.95,,90,,,,
,tf,NFO,64012,424.55,26.45,1703045232,,,,,,,,,,
,tf,NFO,64012,424.55,26.45,1703045232,,,,,,,,,,
,tf,NFO,64012,425.85,26.84,1703045233,,656085,424.90,425.85,,210,,,,
,tf,NFO,64012,425.85,26.84,1703045233,,656085,424.90,425.85,,210,,,,
,tf,NFO,64012,426.15,26.92,1703045233,,,,,,,,,,
,tf,NFO,64012,426.15,26.92,1703045233,,,,,,,,,,
,tf,NFO,64012,425.90,26.85,1703045234,,,,,,,,,,
,tf,NFO,64012,425.90,26.85,1703045234,,,,,,,,,,
,tf,NFO,64012,424.00,26.28,1703045235,,,,,,,,,,
,tf,NFO,64012,424.00,26.28,1703045235,,,,,,,,,,
,tf,NFO,64012,425.05,26.60,1703045236,,656850,423.80,425.10,570,180,,,,
,tf,NFO,64012,425.05,26.60,1703045236,,656850,423.80,425.10,570,180,,,,
,tf,NFO,64012,424.95,26.57,1703045236,,,,,,,,,,
,tf,NFO,64012,424.95,26.57,1703045236,,,,,,,,,,
,tf,NFO,64012,425.05,26.60,1703045237,,,,,,,,,,
,tf,NFO,64012,425.05,26.60,1703045237,,,,,,,,,,
,tf,NFO,64012,425.20,26.64,1703045238,428.78,657195,424.15,425.05,45,135,,,,
,tf,NFO,64012,425.20,26.64,1703045238,428.78,657195,424.15,425.05,45,135,,,,
,tf,NFO,64012,424.00,26.28,1703045238,,,,,,,,,,
,tf,NFO,64012,424.00,26.28,1703045238,,,,,,,,,,
,tf,NFO,64012,424.10,26.31,1703045239,,,,,,,,,,
,tf,NFO,64012,424.10,26.31,1703045239,,,,,,,,,,
,tf,NFO,64012,423.50,26.14,1703045239,,657510,422.65,423.55,,45,,,,
,tf,NFO,64012,423.50,26.14,1703045239,,657510,422.65,423.55,,45,,,,
,tf,NFO,64012,424.00,26.28,1703045240,,,,,,,,,,
,tf,NFO,64012,424.00,26.28,1703045240,,,,,,,,,,
,tf,NFO,64012,423.95,26.27,1703045242,,,,,,,,,,
,tf,NFO,64012,423.95,26.27,1703045242,,,,,,,,,,
,tf,NFO,64012,424.40,26.40,1703045243,,657585,424.00,425.10,90,285,,,,
,tf,NFO,64012,424.40,26.40,1703045243,,657585,424.00,425.10,90,285,,,,
,tf,NFO,64012,424.90,26.55,1703045244,,,,,,,,,,
,tf,NFO,64012,424.90,26.55,1703045244,,,,,,,,,,
,tf,NFO,64012,425.00,26.58,1703045244,,657630,424.50,425.20,105,60,,,,
,tf,NFO,64012,425.00,26.58,1703045244,,657630,424.50,425.20,105,60,,,,
,tf,NFO,64012,424.80,26.52,1703045245,,,,,,,,,,
,tf,NFO,64012,424.80,26.52,1703045245,,,,,,,,,,
,tf,NFO,64012,424.95,26.57,1703045246,,658380,424.70,425.35,90,135,,,,
,tf,NFO,64012,424.95,26.57,1703045246,,658380,424.70,425.35,90,135,,,,
,tf,NFO,64012,425.35,26.69,1703045246,,,,,,,,,,
,tf,NFO,64012,425.35,26.69,1703045246,,,,,,,,,,
,tf,NFO,64012,426.05,26.90,1703045247,,,,,,,,,,
,tf,NFO,64012,426.05,26.90,1703045247,,,,,,,,,,
,tf,NFO,64012,425.35,26.69,1703045248,,,,,,,,,,
,tf,NFO,64012,425.35,26.69,1703045248,,,,,,,,,,
,tf,NFO,64012,426.90,27.15,1703045249,,659865,426.95,427.15,300,120,,,,
,tf,NFO,64012,426.90,27.15,1703045249,,659865,426.95,427.15,300,120,,,,
,tf,NFO,64012,427.15,27.22,1703045250,,,,,,,,,,
,tf,NFO,64012,427.15,27.22,1703045250,,,,,,,,,,
,tf,NFO,64012,427.45,27.31,1703045250,,,,,,,,,,
,tf,NFO,64012,427.45,27.31,1703045250,,,,,,,,,,
,tf,NFO,64012,426.45,27.01,1703045251,,660750,426.00,426.65,195,105,,,,
,tf,NFO,64012,426.45,27.01,1703045251,,660750,426.00,426.65,195,105,,,,
,tf,NFO,64012,427.00,27.18,1703045252,,,,,,,,,,
,tf,NFO,64012,427.00,27.18,1703045252,,,,,,,,,,
,tf,NFO,64012,426.15,26.92,1703045254,,,,,,,,,,
,tf,NFO,64012,426.15,26.92,1703045254,,,,,,,,,,
,tf,NFO,64012,425.95,26.87,1703045254,,,,,,,,,,
,tf,NFO,64012,425.95,26.87,1703045254,,,,,,,,,,
,tf,NFO,64012,426.70,27.09,1703045255,,,,,,,,,,
,tf,NFO,64012,426.70,27.09,1703045255,,,,,,,,,,
,tf,NFO,64012,427.00,27.18,1703045256,,662175,426.80,427.35,30,15,,,,
,tf,NFO,64012,427.00,27.18,1703045256,,662175,426.80,427.35,30,15,,,,
,tf,NFO,64012,426.90,27.15,1703045256,,,,,,,,,,
,tf,NFO,64012,426.90,27.15,1703045256,,,,,,,,,,
,tf,NFO,64012,427.30,27.27,1703045257,,,,,,,,,,
,tf,NFO,64012,427.30,27.27,1703045257,,,,,,,,,,
,tf,NFO,64012,427.25,27.25,1703045258,,662295,426.85,427.85,285,60,,,,
,tf,NFO,64012,427.25,27.25,1703045258,,662295,426.85,427.85,285,60,,,,
,tf,NFO,64012,426.50,27.03,1703045258,,,,,,,,,,
,tf,NFO,64012,426.50,27.03,1703045258,,,,,,,,,,
,tf,NFO,64012,427.10,27.21,1703045259,,662805,426.35,427.00,225,15,,,,
,tf,NFO,64012,427.10,27.21,1703045259,,662805,426.35,427.00,225,15,,,,
,tf,NFO,64012,427.45,27.31,1703045260,,,,,,,,,,
,tf,NFO,64012,427.45,27.31,1703045260,,,,,,,,,,
,tf,NFO,64012,427.35,27.28,1703045261,,663180,426.65,427.50,45,45,,,,
,tf,NFO,64012,427.35,27.28,1703045261,,663180,426.65,427.50,45,45,,,,
,tf,NFO,64012,427.45,27.31,1703045262,,,,,,,,,,
,tf,NFO,64012,427.45,27.31,1703045262,,,,,,,,,,
,tf,NFO,64012,427.35,27.28,1703045263,,,,,,,,,,
,tf,NFO,64012,427.35,27.28,1703045263,,,,,,,,,,
,tf,NFO,64012,428.00,27.48,1703045264,,663435,427.20,428.15,240,60,,,,
,tf,NFO,64012,428.00,27.48,1703045264,,663435,427.20,428.15,240,60,,,,
,tf,NFO,64012,428.10,27.51,1703045265,,,,,,,,,,
,tf,NFO,64012,428.10,27.51,1703045265,,,,,,,,,,
,tf,NFO,64012,427.95,27.46,1703045266,,,,,,,,,,
,tf,NFO,64012,427.95,27.46,1703045266,,,,,,,,,,
,tf,NFO,64012,429.15,27.82,1703045269,,,,,,,,,,
,tf,NFO,64012,429.15,27.82,1703045269,,,,,,,,,,
,tf,NFO,64012,430.00,28.07,1703045269,,664035,429.30,430.00,75,1140,,,,
,tf,NFO,64012,430.00,28.07,1703045269,,664035,429.30,430.00,75,1140,,,,
,tf,NFO,64012,430.10,28.10,1703045270,,,,,,,,,,
,tf,NFO,64012,430.10,28.10,1703045270,,,,,,,,,,
,tf,NFO,64012,430.15,28.12,1703045273,,,,,,,,,,
,tf,NFO,64012,430.15,28.12,1703045273,,,,,,,,,,
,tf,NFO,64012,430.05,28.09,1703045274,,665235,429.60,,60,30,,,,
,tf,NFO,64012,430.05,28.09,1703045274,,665235,429.60,,60,30,,,,
,tf,NFO,64012,429.90,28.04,1703045275,,,,,,,,,,
,tf,NFO,64012,429.90,28.04,1703045275,,,,,,,,,,
,tf,NFO,64012,429.85,28.03,1703045276,,665340,429.80,430.75,195,60,,,,
,tf,NFO,64012,429.85,28.03,1703045276,,665340,429.80,430.75,195,60,,,,
,tf,NFO,64012,430.85,28.32,1703045276,,,,,,,,,,
,tf,NFO,64012,430.85,28.32,1703045276,,,,,,,,,,
,tf,NFO,64012,430.55,28.24,1703045278,,,,,,,,,,
,tf,NFO,64012,430.55,28.24,1703045278,,,,,,,,,,
,tf,NFO,64012,431.45,28.50,1703045278,,,,,,,,,,
,tf,NFO,64012,431.45,28.50,1703045278,,,,,,,,,,
,tf,NFO,64012,431.50,28.52,1703045279,,,,,,,,,,
,tf,NFO,64012,431.50,28.52,1703045279,,,,,,,,,,
,tf,NFO,64012,431.70,28.58,1703045280,,,,,,,,,,
,tf,NFO,64012,431.70,28.58,1703045280,,,,,,,,,,
,tf,NFO,64012,432.10,28.70,1703045281,,665850,431.15,432.10,45,45,,,,
,tf,NFO,64012,432.10,28.70,1703045281,,665850,431.15,432.10,45,45,,,,
,tf,NFO,64012,432.30,28.76,1703045281,,,,,,,,,,
,tf,NFO,64012,432.30,28.76,1703045281,,,,,,,,,,
,tf,NFO,64012,431.55,28.53,1703045283,428.77,666375,431.55,432.65,210,390,,,,
,tf,NFO,64012,431.55,28.53,1703045283,428.77,666375,431.55,432.65,210,390,,,,
,tf,NFO,64012,432.10,28.70,1703045283,,,,,,,,,,
,tf,NFO,64012,432.10,28.70,1703045283,,,,,,,,,,
,tf,NFO,64012,432.65,28.86,1703045284,,,,,,,,,,
,tf,NFO,64012,432.65,28.86,1703045284,,,,,,,,,,
,tf,NFO,64012,432.10,28.70,1703045285,,,,,,,,,,
,tf,NFO,64012,432.10,28.70,1703045285,,,,,,,,,,
,tf,NFO,64012,431.45,28.50,1703045286,,667890,430.50,431.20,45,135,,,,
,tf,NFO,64012,431.45,28.50,1703045286,,667890,430.50,431.20,45,135,,,,
,tf,NFO,64012,430.55,28.24,1703045286,,,,,,,,,,
,tf,NFO,64012,430.55,28.24,1703045286,,,,,,,,,,
,tf,NFO,64012,431.55,28.53,1703045287,,,,,,,,,,
,tf,NFO,64012,431.55,28.53,1703045287,,,,,,,,,,
,tf,NFO,64012,431.80,28.61,1703045288,,,,,,,,,,
,tf,NFO,64012,431.80,28.61,1703045288,,,,,,,,,,
,tf,NFO,64012,432.20,28.73,1703045289,428.78,668445,431.05,432.10,255,195,,,,
,tf,NFO,64012,432.20,28.73,1703045289,428.78,668445,431.05,432.10,255,195,,,,
,tf,NFO,64012,430.65,28.27,1703045289,,,,,,,,,,
,tf,NFO,64012,430.65,28.27,1703045289,,,,,,,,,,
,tf,NFO,64012,432.55,28.83,1703045290,,,,,,,,,,
,tf,NFO,64012,432.55,28.83,1703045290,,,,,,,,,,
,tf,NFO,64012,431.10,28.40,1703045291,,668745,431.10,,45,210,,,,
,tf,NFO,64012,431.10,28.40,1703045291,,668745,431.10,,45,210,,,,
,tf,NFO,64012,430.95,28.35,1703045292,,,,,,,,,,
,tf,NFO,64012,430.95,28.35,1703045292,,,,,,,,,,
,tf,NFO,64012,430.05,28.09,1703045293,,669480,430.20,431.10,75,75,,,,
,tf,NFO,64012,430.05,28.09,1703045293,,669480,430.20,431.10,75,75,,,,
,tf,NFO,64012,430.65,28.27,1703045293,,,,,,,,,,
,tf,NFO,64012,430.65,28.27,1703045293,,,,,,,,,,
,tf,NFO,64012,431.35,28.47,1703045294,,,,,,,,,,
,tf,NFO,64012,431.35,28.47,1703045294,,,,,,,,,,
,tf,NFO,64012,430.55,28.24,1703045295,,,,,,,,,,
,tf,NFO,64012,430.55,28.24,1703045295,,,,,,,,,,
,tf,NFO,64012,431.65,28.56,1703045296,,,,,,,,,,
,tf,NFO,64012,431.65,28.56,1703045296,,,,,,,,,,
,tf,NFO,64012,431.20,28.43,1703045297,,,,,,,,,,
,tf,NFO,64012,431.20,28.43,1703045297,,,,,,,,,,
,tf,NFO,64012,431.10,28.40,1703045298,,669705,430.55,431.40,75,225,,,,
,tf,NFO,64012,431.10,28.40,1703045298,,669705,430.55,431.40,75,225,,,,
,tf,NFO,64012,430.00,28.07,1703045298,,,,,,,,,,
,tf,NFO,64012,430.00,28.07,1703045298,,,,,,,,,,
,tf,NFO,64012,430.70,28.28,1703045299,,,,,,,,,,
,tf,NFO,64012,430.70,28.28,1703045299,,,,,,,,,,
,tf,NFO,64012,430.00,28.07,1703045300,,,,,,,,,,
,tf,NFO,64012,430.00,28.07,1703045300,,,,,,,,,,
,tf,NFO,64012,428.85,27.73,1703045302,,,,,,,,,,
,tf,NFO,64012,428.85,27.73,1703045302,,,,,,,,,,
,tf,NFO,64012,428.95,27.76,1703045303,,,,,,,,,,
,tf,NFO,64012,428.95,27.76,1703045303,,,,,,,,,,
,tf,NFO,64012,428.00,27.48,1703045303,,,,,,,,,,
,tf,NFO,64012,428.00,27.48,1703045303,,,,,,,,,,
,tf,NFO,64012,429.00,27.77,1703045304,,671640,428.55,429.45,,30,,,,
,tf,NFO,64012,429.00,27.77,1703045304,,671640,428.55,429.45,,30,,,,
,tf,NFO,64012,429.75,28.00,1703045304,,,,,,,,,,
,tf,NFO,64012,429.75,28.00,1703045304,,,,,,,,,,
,tf,NFO,64012,429.90,28.04,1703045305,,,,,,,,,,
,tf,NFO,64012,429.90,28.04,1703045305,,,,,,,,,,
,tf,NFO,64012,431.00,28.37,1703045307,,,,,,,,,,
,tf,NFO,64012,431.00,28.37,1703045307,,,,,,,,,,
,tf,NFO,64012,430.80,28.31,1703045308,,671910,,,135,30,,,,
,tf,NFO,64012,430.80,28.31,1703045308,,671910,,,135,30,,,,
,tf,NFO,64012,430.95,28.35,1703045308,,,,,,,,,,
,tf,NFO,64012,430.95,28.35,1703045308,,,,,,,,,,
,tf,NFO,64012,429.80,28.01,1703045309,,,,,,,,,,
,tf,NFO,64012,429.80,28.01,1703045309,,,,,,,,,,
,tf,NFO,64012,430.70,28.28,1703045310,,,,,,,,,,
,tf,NFO,64012,430.70,28.28,1703045310,,,,,,,,,,
,tf,NFO,64012,431.05,28.38,1703045311,428.79,673245,431.25,432.00,225,90,,,,
,tf,NFO,64012,431.05,28.38,1703045311,428.79,673245,431.25,432.00,225,90,,,,
,tf,NFO,64012,433.20,29.02,1703045312,,,,,,,,,,
,tf,NFO,64012,433.20,29.02,1703045312,,,,,,,,,,
,tf,NFO,64012,432.35,28.77,1703045313,,,,,,,,,,
,tf,NFO,64012,432.35,28.77,1703045313,,,,,,,,,,
,tf,NFO,64012,435.80,29.80,1703045317,,,,,,,339435,,,
,tf,NFO,64012,435.80,29.80,1703045317,,,,,,,339435,,,
,tf,NFO,64012,433.75,29.19,1703045318,428.81,676365,433.80,434.80,210,105,,,,
,tf,NFO,64012,433.75,29.19,1703045318,428.81,676365,433.80,434.80,210,105,,,,
,tf,NFO,64012,434.80,29.50,1703045318,,,,,,,,,,
,tf,NFO,64012,434.80,29.50,1703045318,,,,,,,,,,
,tf,NFO,64012,435.85,29.81,1703045319,,,,,,,,,,
,tf,NFO,64012,435.85,29.81,1703045319,,,,,,,,,,
,tf,NFO,64012,432.90,28.94,1703045320,,,,,,,,,,
,tf,NFO,64012,432.90,28.94,1703045320,,,,,,,,,,
,tf,NFO,64012,433.80,29.20,1703045321,428.82,677220,432.45,433.35,255,135,,,,
,tf,NFO,64012,433.80,29.20,1703045321,428.82,677220,432.45,433.35,255,135,,,,
,tf,NFO,64012,431.90,28.64,1703045321,,,,,,,,,,
,tf,NFO,64012,431.90,28.64,1703045321,,,,,,,,,,
,tf,NFO,64012,431.95,28.65,1703045322,,,,,,,,,,
,tf,NFO,64012,431.95,28.65,1703045322,,,,,,,,,,
,tf,NFO,64012,432.80,28.91,1703045324,,,,,,,,,,
,tf,NFO,64012,432.80,28.91,1703045324,,,,,,,,,,
,tf,NFO,64012,433.55,29.13,1703045325,,,,,,,,,,
,tf,NFO,64012,433.55,29.13,1703045325,,,,,,,,,,
,tf,NFO,64012,433.00,28.97,1703045326,,678030,431.70,432.70,75,45,,,,
,tf,NFO,64012,433.00,28.97,1703045326,,678030,431.70,432.70,75,45,,,,
,tf,NFO,64012,432.40,28.79,1703045326,,,,,,,,,,
,tf,NFO,64012,432.40,28.79,1703045326,,,,,,,,,,
,tf,NFO,64012,433.10,28.99,1703045327,,,,,,,,,,
,tf,NFO,64012,433.10,28.99,1703045327,,,,,,,,,,
,tf,NFO,64012,433.35,29.07,1703045328,,,,,,,,,,
,tf,NFO,64012,433.35,29.07,1703045328,,,,,,,,,,
,tf,NFO,64012,432.75,28.89,1703045329,,,,,,,,,,
,tf,NFO,64012,432.75,28.89,1703045329,,,,,,,,,,
,tf,NFO,64012,433.10,28.99,1703045330,,,,,,,,,,
,tf,NFO,64012,433.10,28.99,1703045330,,,,,,,,,,
,tf,NFO,64012,432.40,28.79,1703045331,,,,,,,,,,
,tf,NFO,64012,432.40,28.79,1703045331,,,,,,,,,,
,tf,NFO,64012,433.00,28.97,1703045332,,,,,,,,,,
,tf,NFO,64012,433.00,28.97,1703045332,,,,,,,,,,
,tf,NFO,64012,433.10,28.99,1703045333,,678465,433.10,433.95,,120,,,,
,tf,NFO,64012,433.10,28.99,1703045333,,678465,433.10,433.95,,120,,,,
,tf,NFO,64012,433.40,29.08,1703045333,,,,,,,,,,
,tf,NFO,64012,433.40,29.08,1703045333,,,,,,,,,,
,tf,NFO,64012,434.75,29.49,1703045334,,,,,,,,,,
,tf,NFO,64012,434.75,29.49,1703045334,,,,,,,,,,
,tf,NFO,64012,434.80,29.50,1703045334,,678585,434.10,434.80,315,435,,,,
,tf,NFO,64012,434.80,29.50,1703045334,,678585,434.10,434.80,315,435,,,,
,tf,NFO,64012,435.00,29.56,1703045335,,,,,,,,,,
,tf,NFO,64012,435.00,29.56,1703045335,,,,,,,,,,
,tf,NFO,64012,436.45,29.99,1703045338,,,,,,,,,,
,tf,NFO,64012,436.45,29.99,1703045338,,,,,,,,,,
,tf,NFO,64012,435.90,29.83,1703045338,,,,,,,,,,
,tf,NFO,64012,435.90,29.83,1703045338,,,,,,,,,,
,tf,NFO,64012,436.75,30.08,1703045339,,,,,,,,,,
,tf,NFO,64012,436.75,30.08,1703045339,,,,,,,,,,
,tf,NFO,64012,435.10,29.59,1703045341,,,,,,,,,,
,tf,NFO,64012,435.10,29.59,1703045341,,,,,,,,,,
,tf,NFO,64012,435.30,29.65,1703045341,,681720,435.20,435.95,210,45,,,,
,tf,NFO,64012,435.30,29.65,1703045341,,681720,435.20,435.95,210,45,,,,
,tf,NFO,64012,435.20,29.62,1703045342,,,,,,,,,,
,tf,NFO,64012,435.20,29.62,1703045342,,,,,,,,,,
,tf,NFO,64012,436.20,29.92,1703045342,,,,,,,,,,
,tf,NFO,64012,436.20,29.92,1703045342,,,,,,,,,,
,tf,NFO,64012,434.85,29.52,1703045343,,,,,,,,,,
,tf,NFO,64012,434.85,29.52,1703045343,,,,,,,,,,
,tf,NFO,64012,434.65,29.46,1703045344,,,,,,,,,,
,tf,NFO,64012,434.65,29.46,1703045344,,,,,,,,,,
,tf,NFO,64012,434.85,29.52,1703045346,,,,,,,,,,
,tf,NFO,64012,434.85,29.52,1703045346,,,,,,,,,,
,tf,NFO,64012,433.85,29.22,1703045347,,,,,,,,,,
,tf,NFO,64012,433.85,29.22,1703045347,,,,,,,,,,
,tf,NFO,64012,434.90,29.53,1703045348,,,,,,,,,,
,tf,NFO,64012,434.90,29.53,1703045348,,,,,,,,,,
,tf,NFO,64012,435.00,29.56,1703045348,,,,,,,,,,
,tf,NFO,64012,435.00,29.56,1703045348,,,,,,,,,,
,tf,NFO,64012,434.15,29.31,1703045349,,,,,,,,,,
,tf,NFO,64012,434.15,29.31,1703045349,,,,,,,,,,
,tf,NFO,64012,434.35,29.37,1703045350,,,,,,,,,,
,tf,NFO,64012,434.35,29.37,1703045350,,,,,,,,,,
,tf,NFO,64012,435.00,29.56,1703045352,,,,,,,,,,
,tf,NFO,64012,435.00,29.56,1703045352,,,,,,,,,,
,tf,NFO,64012,434.15,29.31,1703045353,,,,,,,,,,
,tf,NFO,64012,434.15,29.31,1703045353,,,,,,,,,,
,tf,NFO,64012,435.10,29.59,1703045354,,,,,,,,,,
,tf,NFO,64012,435.10,29.59,1703045354,,,,,,,,,,
,tf,NFO,64012,435.35,29.66,1703045355,,,,,,,,,,
,tf,NFO,64012,435.35,29.66,1703045355,,,,,,,,,,
,tf,NFO,64012,434.95,29.55,1703045356,,682695,434.05,434.85,75,300,,,,
,tf,NFO,64012,434.95,29.55,1703045356,,682695,434.05,434.85,75,300,,,,
,tf,NFO,64012,434.55,29.43,1703045357,,,,,,,,,,
,tf,NFO,64012,434.55,29.43,1703045357,,,,,,,,,,
,tf,NFO,64012,435.20,29.62,1703045358,,,,,,,,,,
,tf,NFO,64012,435.20,29.62,1703045358,,,,,,,,,,
,tf,NFO,64012,434.80,29.50,1703045359,,,,,,,,,,
,tf,NFO,64012,434.80,29.50,1703045359,,,,,,,,,,
,tf,NFO,64012,435.35,29.66,1703045360,,,,,,,,,,
,tf,NFO,64012,435.35,29.66,1703045360,,,,,,,,,,
,tf,NFO,64012,434.55,29.43,1703045362,,,,,,,,,,
,tf,NFO,64012,434.55,29.43,1703045362,,,,,,,,,,
,tf,NFO,64012,433.55,29.13,1703045363,,683490,433.70,434.65,,45,,,,
,tf,NFO,64012,433.55,29.13,1703045363,,683490,433.70,434.65,,45,,,,
,tf,NFO,64012,434.90,29.53,1703045364,,,,,,,,,,
,tf,NFO,64012,434.90,29.53,1703045364,,,,,,,,,,
,tf,NFO,64012,435.00,29.56,1703045364,,683595,435.00,435.40,45,30,,,,
,tf,NFO,64012,435.00,29.56,1703045364,,683595,435.00,435.40,45,30,,,,
,tf,NFO,64012,435.40,29.68,1703045365,,,,,,,,,,
,tf,NFO,64012,435.40,29.68,1703045365,,,,,,,,,,
,tf,NFO,64012,435.00,29.56,1703045366,,,,,,,,,,
,tf,NFO,64012,435.00,29.56,1703045366,,,,,,,,,,
,tf,NFO,64012,433.60,29.14,1703045367,,,,,,,,,,
,tf,NFO,64012,433.60,29.14,1703045367,,,,,,,,,,
,tf,NFO,64012,434.00,29.26,1703045368,,,,,,,,,,
,tf,NFO,64012,434.00,29.26,1703045368,,,,,,,,,,
,tf,NFO,64012,434.85,29.52,1703045369,,683910,433.30,433.95,,60,,,,
,tf,NFO,64012,434.85,29.52,1703045369,,683910,433.30,433.95,,60,,,,
,tf,NFO,64012,433.65,29.16,1703045370,,,,,,,,,,
,tf,NFO,64012,433.65,29.16,1703045370,,,,,,,,,,
,tf,NFO,64012,434.30,29.35,1703045373,,684165,434.30,435.00,195,15,,,,
,tf,NFO,64012,434.30,29.35,1703045373,,684165,434.30,435.00,195,15,,,,
,tf,NFO,64012,434.20,29.32,1703045374,,,,,,,,,,
,tf,NFO,64012,434.20,29.32,1703045374,,,,,,,,,,
,tf,NFO,64012,435.45,29.69,1703045374,,,,,,,,,,
,tf,NFO,64012,435.45,29.69,1703045374,,,,,,,,,,
,tf,NFO,64012,434.70,29.47,1703045375,,,,,,,,,,
,tf,NFO,64012,434.70,29.47,1703045375,,,,,,,,,,
,tf,NFO,64012,434.60,29.44,1703045376,,684615,434.25,435.40,330,255,,,,
,tf,NFO,64012,434.60,29.44,1703045376,,684615,434.25,435.40,330,255,,,,
,tf,NFO,64012,434.25,29.34,1703045376,,,,,,,,,,
,tf,NFO,64012,434.25,29.34,1703045376,,,,,,,,,,
,tf,NFO,64012,440.55,31.21,1703045378,429.00,692580,439.75,440.70,15,120,,,,
,tf,NFO,64012,440.55,31.21,1703045378,429.00,692580,439.75,440.70,15,120,,,,
,tf,NFO,64012,439.75,30.98,1703045378,,,,,,,,,,
,tf,NFO,64012,439.75,30.98,1703045378,,,,,,,,,,
,tf,NFO,64012,440.35,31.15,1703045379,,,,,,,,,,
,tf,NFO,64012,440.35,31.15,1703045379,,,,,,,,,,
,tf,NFO,64012,441.10,31.38,1703045379,,,,,,,,,,
,tf,NFO,64012,441.10,31.38,1703045379,,,,,,,,,,
,tf,NFO,64012,442.65,31.84,1703045381,,,,,,,,,,
,tf,NFO,64012,442.65,31.84,1703045381,,,,,,,,,,
,tf,NFO,64012,444.45,32.38,1703045381,429.09,697560,443.15,444.00,105,120,,,,
,tf,NFO,64012,444.45,32.38,1703045381,429.09,697560,443.15,444.00,105,120,,,,
,tf,NFO,64012,445.00,32.54,1703045381,,,,,,,,,,
,tf,NFO,64012,445.00,32.54,1703045381,,,,,,,,,,
,tf,NFO,64012,446.60,33.02,1703045382,,,,,,,,,,
,tf,NFO,64012,446.60,33.02,1703045382,,,,,,,,,,
,tf,NFO,64012,445.50,32.69,1703045383,429.20,702225,446.15,446.95,165,255,,,,
,tf,NFO,64012,445.50,32.69,1703045383,429.20,702225,446.15,446.95,165,255,,,,
,tf,NFO,64012,447.85,33.39,1703045384,,,,,,,,,,
,tf,NFO,64012,447.85,33.39,1703045384,,,,,,,,,,
,tf,NFO,64012,448.05,33.45,1703045384,429.35,707520,448.10,449.15,45,390,,450.00,,
,tf,NFO,64012,448.05,33.45,1703045384,429.35,707520,448.10,449.15,45,390,,450.00,,
,tf,NFO,64012,448.10,33.46,1703045385,,,,,,,,,,
,tf,NFO,64012,448.10,33.46,1703045385,,,,,,,,,,
,tf,NFO,64012,450.20,34.09,1703045386,,,,,,,,,,
,tf,NFO,64012,450.20,34.09,1703045386,,,,,,,,,,
,tf,NFO,64012,448.00,33.43,1703045386,429.56,714075,447.40,448.45,30,45,,455.15,,
,tf,NFO,64012,448.00,33.43,1703045386,429.56,714075,447.40,448.45,30,45,,455.15,,
,tf,NFO,64012,448.85,33.69,1703045387,,,,,,,,,,
,tf,NFO,64012,448.85,33.69,1703045387,,,,,,,,,,
,tf,NFO,64012,450.60,34.21,1703045388,,,,,,,,,,
,tf,NFO,64012,450.60,34.21,1703045388,,,,,,,,,,
,tf,NFO,64012,448.25,33.51,1703045388,429.66,717750,448.05,449.40,45,60,,,,
,tf,NFO,64012,448.25,33.51,1703045388,429.66,717750,448.05,449.40,45,60,,,,
,tf,NFO,64012,450.05,34.04,1703045389,,,,,,,,,,
,tf,NFO,64012,450.05,34.04,1703045389,,,,,,,,,,
,tf,NFO,64012,447.50,33.28,1703045389,429.70,719340,446.70,447.95,90,165,,,,
,tf,NFO,64012,447.50,33.28,1703045389,429.70,719340,446.70,447.95,90,165,,,,
,tf,NFO,64012,446.70,33.05,1703045390,,,,,,,,,,
,tf,NFO,64012,446.70,33.05,1703045390,,,,,,,,,,
,tf,NFO,64012,446.75,33.06,1703045390,,,,,,,,,,
,tf,NFO,64012,446.75,33.06,1703045390,,,,,,,,,,
,tf,NFO,64012,447.80,33.37,1703045391,429.73,720660,447.00,447.80,30,60,,,,
,tf,NFO,64012,447.80,33.37,1703045391,429.73,720660,447.00,447.80,30,60,,,,
,tf,NFO,64012,452.05,34.64,1703045392,,,,,,,,,,
,tf,NFO,64012,452.05,34.64,1703045392,,,,,,,,,,
,tf,NFO,64012,455.40,35.64,1703045392,,,,,,,,,,
,tf,NFO,64012,455.40,35.64,1703045392,,,,,,,,,,
,tf,NFO,64012,454.20,35.28,1703045393,429.80,723000,453.60,454.40,15,75,,455.40,,
,tf,NFO,64012,454.20,35.28,1703045393,429.80,723000,453.60,454.40,15,75,,455.40,,
,tf,NFO,64012,453.00,34.92,1703045394,,,,,,,,,,
,tf,NFO,64012,453.00,34.92,1703045394,,,,,,,,,,
,tf,NFO,64012,452.90,34.89,1703045394,429.83,724050,451.85,452.90,105,30,,,,
,tf,NFO,64012,452.90,34.89,1703045394,429.83,724050,451.85,452.90,105,30,,,,
,tf,NFO,64012,451.80,34.56,1703045395,,,,,,,,,,
,tf,NFO,64012,451.80,34.56,1703045395,,,,,,,,,,
,tf,NFO,64012,450.45,34.16,1703045396,,,,,,,,,,
,tf,NFO,64012,450.45,34.16,1703045396,,,,,,,,,,
,tf,NFO,64012,452.35,34.73,1703045396,429.87,725400,451.40,452.45,60,15,,,,
,tf,NFO,64012,452.35,34.73,1703045396,429.87,725400,451.40,452.45,60,15,,,,
,tf,NFO,64012,450.00,34.03,1703045396,,,,,,,,,,
,tf,NFO,64012,450.00,34.03,1703045396,,,,,,,,,,
,tf,NFO,64012,451.10,34.36,1703045397,,,,,,,,,,
,tf,NFO,64012,451.10,34.36,1703045397,,,,,,,,,,
,tf,NFO,64012,452.15,34.67,1703045398,429.98,729060,452.20,453.15,180,,,,,
,tf,NFO,64012,452.15,34.67,1703045398,429.98,729060,452.20,453.15,180,,,,,
,tf,NFO,64012,452.10,34.65,1703045398,,,,,,,,,,
,tf,NFO,64012,452.10,34.65,1703045398,,,,,,,,,,
,tf,NFO,64012,450.45,34.16,1703045399,,,,,,,,,,
,tf,NFO,64012,450.45,34.16,1703045399,,,,,,,,,,
,tf,NFO,64012,451.05,34.34,1703045399,430.00,729780,450.40,451.60,225,,,,,
,tf,NFO,64012,451.05,34.34,1703045399,430.00,729780,450.40,451.60,225,,,,,
,tf,NFO,64012,448.70,33.64,1703045401,,,,,,,,,,
,tf,NFO,64012,448.70,33.64,1703045401,,,,,,,,,,
,tf,NFO,64012,449.35,33.83,1703045401,430.04,731280,448.30,449.50,75,225,,,,
,tf,NFO,64012,449.35,33.83,1703045401,430.04,731280,448.30,449.50,75,225,,,,
,tf,NFO,64012,448.65,33.63,1703045401,,,,,,,,,,
,tf,NFO,64012,448.65,33.63,1703045401,,,,,,,,,,
,tf,NFO,64012,448.00,33.43,1703045402,,,,,,,,,,
,tf,NFO,64012,448.00,33.43,1703045402,,,,,,,,,,
,tf,NFO,64012,447.10,33.16,1703045403,430.05,731580,448.10,449.15,255,165,,,,
,tf,NFO,64012,447.10,33.16,1703045403,430.05,731580,448.10,449.15,255,165,,,,
,tf,NFO,64012,449.15,33.78,1703045403,,,,,,,,,,
,tf,NFO,64012,449.15,33.78,1703045403,,,,,,,,,,
,tf,NFO,64012,453.00,34.92,1703045404,,,,,,,,,,
,tf,NFO,64012,453.00,34.92,1703045404,,,,,,,,,,
,tf,NFO,64012,453.80,35.16,1703045404,430.09,733155,453.65,454.90,225,60,,,,
,tf,NFO,64012,453.80,35.16,1703045404,430.09,733155,453.65,454.90,225,60,,,,
,tf,NFO,64012,455.35,35.62,1703045406,,,,,,,,,,
,tf,NFO,64012,455.35,35.62,1703045406,,,,,,,,,,
,tf,NFO,64012,455.90,35.79,1703045406,430.11,733635,454.65,455.90,45,105,,455.95,,
,tf,NFO,64012,455.90,35.79,1703045406,430.11,733635,454.65,455.90,45,105,,455.95,,
,tf,NFO,64012,454.65,35.41,1703045407,,,,,,,,,,
,tf,NFO,64012,454.65,35.41,1703045407,,,,,,,,,,
,tf,NFO,64012,453.35,35.03,1703045408,,,,,,,,,,
,tf,NFO,64012,453.35,35.03,1703045408,,,,,,,,,,
,tf,NFO,64012,455.70,35.73,1703045408,430.15,734790,454.60,455.65,75,390,,,,
,tf,NFO,64012,455.70,35.73,1703045408,430.15,734790,454.60,455.65,75,390,,,,
,tf,NFO,64012,453.50,35.07,1703045409,,,,,,,,,,
,tf,NFO,64012,453.50,35.07,1703045409,,,,,,,,,,
,tf,NFO,64012,453.65,35.12,1703045409,,,,,,,,,,
,tf,NFO,64012,453.65,35.12,1703045409,,,,,,,,,,
,tf,NFO,64012,454.20,35.28,1703045409,430.19,735975,453.45,454.35,45,75,,,,
,tf,NFO,64012,454.20,35.28,1703045409,430.19,735975,453.45,454.35,45,75,,,,
,tf,NFO,64012,453.45,35.06,1703045410,,,,,,,,,,
,tf,NFO,64012,453.45,35.06,1703045410,,,,,,,,,,
,tf,NFO,64012,452.40,34.74,1703045411,430.22,736995,451.95,452.30,15,15,,,,
,tf,NFO,64012,452.40,34.74,1703045411,430.22,736995,451.95,452.30,15,15,,,,
,tf,NFO,64012,452.25,34.70,1703045411,,,,,,,,,,
,tf,NFO,64012,452.25,34.70,1703045411,,,,,,,,,,
,tf,NFO,64012,454.10,35.25,1703045412,,,,,,,,,,
,tf,NFO,64012,454.10,35.25,1703045412,,,,,,,,,,
,tf,NFO,64012,450.55,34.19,1703045413,430.25,737955,450.05,450.95,75,165,,,,
,tf,NFO,64012,450.55,34.19,1703045413,430.25,737955,450.05,450.95,75,165,,,,
,tf,NFO,64012,451.10,34.36,1703045414,,,,,,,,,,
,tf,NFO,64012,451.10,34.36,1703045414,,,,,,,,,,
,tf,NFO,64012,450.00,34.03,1703045414,430.28,739140,450.00,450.90,555,90,,,,
,tf,NFO,64012,450.00,34.03,1703045414,430.28,739140,450.00,450.90,555,90,,,,
,tf,NFO,64012,451.05,34.34,1703045415,,,,,,,,,,
,tf,NFO,64012,451.05,34.34,1703045415,,,,,,,,,,
,tf,NFO,64012,447.35,33.24,1703045415,,,,,,,,,,
,tf,NFO,64012,447.35,33.24,1703045415,,,,,,,,,,
,tf,NFO,64012,447.00,33.13,1703045416,430.31,740325,447.05,448.05,75,75,,,,
,tf,NFO,64012,447.00,33.13,1703045416,430.31,740325,447.05,448.05,75,75,,,,
,tf,NFO,64012,448.00,33.43,1703045416,,,,,,,,,,
,tf,NFO,64012,448.00,33.43,1703045416,,,,,,,,,,
,tf,NFO,64012,450.00,34.03,1703045417,,,,,,,,,,
,tf,NFO,64012,450.00,34.03,1703045417,,,,,,,,,,
,tf,NFO,64012,450.15,34.07,1703045418,430.32,740805,450.75,451.30,15,450,,,,
,tf,NFO,64012,450.15,34.07,1703045418,430.32,740805,450.75,451.30,15,450,,,,
,tf,NFO,64012,450.75,34.25,1703045418,,,,,,,,,,
,tf,NFO,64012,450.75,34.25,1703045418,,,,,,,,,,
,tf,NFO,64012,450.45,34.16,1703045419,430.34,741375,448.80,450.40,30,,,,,
,tf,NFO,64012,450.45,34.16,1703045419,430.34,741375,448.80,450.40,30,,,,,
,tf,NFO,64012,449.45,33.86,1703045420,,,,,,,,,,
,tf,NFO,64012,449.45,33.86,1703045420,,,,,,,,,,
,tf,NFO,64012,448.15,33.48,1703045420,,,,,,,,,,
,tf,NFO,64012,448.15,33.48,1703045420,,,,,,,,,,
,tf,NFO,64012,448.60,33.61,1703045421,430.35,741675,448.60,449.10,120,240,,,,
,tf,NFO,64012,448.60,33.61,1703045421,430.35,741675,448.60,449.10,120,240,,,,
,tf,NFO,64012,449.35,33.83,1703045421,,,,,,,,,,
,tf,NFO,64012,449.35,33.83,1703045421,,,,,,,,,,
,tf,NFO,64012,448.40,33.55,1703045423,,,,,,,,,,
,tf,NFO,64012,448.40,33.55,1703045423,,,,,,,,,,
,tf,NFO,64012,448.85,33.69,1703045423,430.37,742650,448.75,,15,30,,,,
,tf,NFO,64012,448.85,33.69,1703045423,430.37,742650,448.75,,15,30,,,,
,tf,NFO,64012,449.35,33.83,1703045423,,,,,,,,,,
,tf,NFO,64012,449.35,33.83,1703045423,,,,,,,,,,
,tf,NFO,64012,449.20,33.79,1703045424,430.43,744945,449.35,450.10,,15,,,,
,tf,NFO,64012,449.20,33.79,1703045424,430.43,744945,449.35,450.10,,15,,,,
,tf,NFO,64012,450.10,34.06,1703045425,,,,,,,,,,
,tf,NFO,64012,450.10,34.06,1703045425,,,,,,,,,,
,tf,NFO,64012,449.20,33.79,1703045425,,,,,,,,,,
,tf,NFO,64012,449.20,33.79,1703045425,,,,,,,,,,
,tf,NFO,64012,449.25,33.80,1703045426,,745065,448.95,449.85,30,180,,,,
,tf,NFO,64012,449.25,33.80,1703045426,,745065,448.95,449.85,30,180,,,,
,tf,NFO,64012,449.20,33.79,1703045427,,,,,,,,,,
,tf,NFO,64012,449.20,33.79,1703045427,,,,,,,,,,
,tf,NFO,64012,450.50,34.18,1703045427,,,,,,,,,,
,tf,NFO,64012,450.50,34.18,1703045427,,,,,,,,,,
,tf,NFO,64012,452.60,34.80,1703045428,430.46,746115,451.70,452.85,75,465,,,,
,tf,NFO,64012,452.60,34.80,1703045428,430.46,746115,451.70,452.85,75,465,,,,
,tf,NFO,64012,451.50,34.48,1703045428,,,,,,,,,,
,tf,NFO,64012,451.50,34.48,1703045428,,,,,,,,,,
,tf,NFO,64012,451.65,34.52,1703045430,430.48,746715,,452.75,45,45,,,,
,tf,NFO,64012,451.65,34.52,1703045430,430.48,746715,,452.75,45,45,,,,
,tf,NFO,64012,451.35,34.43,1703045430,,,,,,,,,,
,tf,NFO,64012,451.35,34.43,1703045430,,,,,,,,,,
,tf,NFO,64012,449.95,34.01,1703045431,430.52,748275,449.65,450.80,360,120,,,,
,tf,NFO,64012,449.95,34.01,1703045431,430.52,748275,449.65,450.80,360,120,,,,
,tf,NFO,64012,449.45,33.86,1703045431,,,,,,,,,,
,tf,NFO,64012,449.45,33.86,1703045431,,,,,,,,,,
,tf,NFO,64012,450.00,34.03,1703045432,,,,,,,,,,
,tf,NFO,64012,450.00,34.03,1703045432,,,,,,,,,,
,tf,NFO,64012,451.50,34.48,1703045433,430.53,748515,450.25,451.25,120,75,,,,
,tf,NFO,64012,451.50,34.48,1703045433,430.53,748515,450.25,451.25,120,75,,,,
,tf,NFO,64012,451.65,34.52,1703045433,,,,,,,,,,
,tf,NFO,64012,451.65,34.52,1703045433,,,,,,,,,,
,tf,NFO,64012,450.00,34.03,1703045435,,748695,449.50,450.55,225,45,,,,
,tf,NFO,64012,450.00,34.03,1703045435,,748695,449.50,450.55,225,45,,,,
,tf,NFO,64012,451.90,34.59,1703045435,,,,,,,,,,
,tf,NFO,64012,451.90,34.59,1703045435,,,,,,,,,,
,tf,NFO,64012,451.40,34.45,1703045436,430.58,750345,450.15,451.15,45,120,,,,
,tf,NFO,64012,451.40,34.45,1703045436,430.58,750345,450.15,451.15,45,120,,,,
,tf,NFO,64012,451.15,34.37,1703045436,,,,,,,,,,
,tf,NFO,64012,451.15,34.37,1703045436,,,,,,,,,,
,tf,NFO,64012,451.60,34.50,1703045437,,,,,,,,,,
,tf,NFO,64012,451.60,34.50,1703045437,,,,,,,,,,
,tf,NFO,64012,451.65,34.52,1703045438,430.59,750885,450.30,451.40,165,15,,,,
,tf,NFO,64012,451.65,34.52,1703045438,430.59,750885,450.30,451.40,165,15,,,,
,tf,NFO,64012,451.25,34.40,1703045439,,,,,,,,,,
,tf,NFO,64012,451.25,34.40,1703045439,,,,,,,,,,
,tf,NFO,64012,450.30,34.12,1703045439,,,,,,,,,,
