timestamp,t,e,tk,lp,pc,ft,v,bp1,sp1,bq1,sq1,ap,oi,l,_id
2023-12-07 09:23:14.760957,tf,NFO,39142,282.75,40.85,1701921194,2018670,282.10,282.50,15,15,,,,
2023-12-07 09:23:14.849752,tf,NFO,39142,282.50,40.72,1701921194,,,,,,,,,
2023-12-07 09:23:15.748441,tf,NFO,39142,284.15,41.54,1701921195,2020185,283.85,284.20,30,,,,,
2023-12-07 09:23:16.049488,tf,NFO,39142,284.25,41.59,1701921196,,,,,,,,,
2023-12-07 09:23:16.148473,tf,NFO,39142,284.75,41.84,1701921196,2021370,284.00,284.55,15,30,,,,
2023-12-07 09:23:17.153999,tf,NFO,39142,283.90,41.42,1701921197,2023755,283.50,284.05,,15,280.97,,,
2023-12-07 09:23:17.851530,tf,NFO,39142,283.35,41.15,1701921197,,,,,,,,,
2023-12-07 09:23:18.353140,tf,NFO,39142,284.20,41.57,1701921198,2025105,284.20,284.60,90,,,,,
2023-12-07 09:23:18.853246,tf,NFO,39142,283.60,41.27,1701921198,,,,,,,,,
2023-12-07 09:23:19.553315,tf,NFO,39142,282.90,40.92,1701921199,2026470,282.45,282.90,15,,,,,
2023-12-07 09:23:20.053517,tf,NFO,39142,283.00,40.97,1701921200,,,,,,,,,
2023-12-07 09:23:20.559121,tf,NFO,39142,282.70,40.82,1701921200,2028600,282.20,282.70,30,135,,,,
2023-12-07 09:23:20.853818,tf,NFO,39142,282.85,40.90,1701921200,,,,,,,,,
2023-12-07 09:23:21.854674,tf,NFO,39142,282.65,40.80,1701921201,,,,,,,,,
2023-12-07 09:23:22.158138,tf,NFO,39142,283.15,41.05,1701921202,2032230,282.65,283.15,15,15,280.98,,,
2023-12-07 09:23:23.055381,tf,NFO,39142,283.10,41.02,1701921203,,,,,,,,,
2023-12-07 09:23:23.359459,tf,NFO,39142,282.90,40.92,1701921203,2034600,282.15,282.55,,30,,,,
2023-12-07 09:23:23.856127,tf,NFO,39142,283.10,41.02,1701921203,,,,,,,,,
2023-12-07 09:23:24.159675,tf,NFO,39142,282.20,40.57,1701921204,2036070,282.20,,,180,,,,
2023-12-07 09:23:24.857553,tf,NFO,39142,282.60,40.77,1701921204,,,,,,,,,
2023-12-07 09:23:25.162822,tf,NFO,39142,282.25,40.60,1701921205,2038245,282.25,282.75,30,30,,,,
2023-12-07 09:23:25.857452,tf,NFO,39142,282.20,40.57,1701921205,,,,,,,,,
2023-12-07 09:23:26.361531,tf,NFO,39142,282.00,40.47,1701921206,2042520,282.00,282.50,420,,,,,
2023-12-07 09:23:27.058333,tf,NFO,39142,281.60,40.27,1701921207,,,,,,,,,
2023-12-07 09:23:27.368584,tf,NFO,39142,278.35,38.66,1701921207,2054625,277.90,278.40,30,60,,,,
2023-12-07 09:23:27.859132,tf,NFO,39142,276.50,37.73,1701921207,,,,,,,636525,,
2023-12-07 09:23:28.168947,tf,NFO,39142,276.05,37.51,1701921208,2056995,276.00,276.60,285,285,280.97,,,
2023-12-07 09:23:29.059677,tf,NFO,39142,276.10,37.53,1701921209,,,,,,,,,
2023-12-07 09:23:29.370532,tf,NFO,39142,277.55,38.26,1701921209,2060160,277.15,277.60,15,30,280.96,,,
2023-12-07 09:23:29.859757,tf,NFO,39142,277.10,38.03,1701921209,,,,,,,,,
2023-12-07 09:23:30.570451,tf,NFO,39142,275.60,37.29,1701921210,2063970,275.80,276.20,75,15,280.95,,,
2023-12-07 09:23:30.860081,tf,NFO,39142,276.05,37.51,1701921210,,,,,,,,,
2023-12-07 09:23:31.772020,tf,NFO,39142,275.85,37.41,1701921211,2068320,275.35,275.85,30,210,280.94,,,
2023-12-07 09:23:32.060833,tf,NFO,39142,275.90,37.43,1701921212,,,,,,,,,
2023-12-07 09:23:32.772169,tf,NFO,39142,276.95,37.96,1701921212,2073240,277.10,277.40,60,120,280.93,,,
2023-12-07 09:23:32.862500,tf,NFO,39142,277.10,38.03,1701921212,,,,,,,,,
2023-12-07 09:23:33.172406,tf,NFO,39142,276.80,37.88,1701921213,2073705,276.00,276.55,120,75,,,,
2023-12-07 09:23:33.861530,tf,NFO,39142,274.90,36.94,1701921213,,,,,,,,,
2023-12-07 09:23:34.177019,tf,NFO,39142,275.35,37.16,1701921214,2075055,275.00,275.40,15,45,,,,
2023-12-07 09:23:35.062244,tf,NFO,39142,273.55,36.26,1701921215,,,,,,,,,
2023-12-07 09:23:35.376722,tf,NFO,39142,274.65,36.81,1701921215,2090325,274.10,274.55,,15,280.88,,,
2023-12-07 09:23:35.863472,tf,NFO,39142,274.55,36.76,1701921215,,,,,,,,,
2023-12-07 09:23:36.177596,tf,NFO,39142,274.70,36.84,1701921216,2093340,275.00,275.30,30,,280.87,,,
2023-12-07 09:23:36.863322,tf,NFO,39142,277.05,38.01,1701921216,,,,,,,,,
2023-12-07 09:23:37.181279,tf,NFO,39142,276.55,37.76,1701921217,2096655,276.05,276.60,105,165,280.86,,,
2023-12-07 09:23:37.863913,tf,NFO,39142,276.30,37.63,1701921217,,,,,,,,,
2023-12-07 09:23:38.379058,tf,NFO,39142,274.90,36.94,1701921218,2100660,275.10,275.60,15,30,280.85,,,
2023-12-07 09:23:38.864284,tf,NFO,39142,276.10,37.53,1701921218,,,,,,,,,
2023-12-07 09:23:39.383714,tf,NFO,39142,276.80,37.88,1701921219,2102655,276.20,276.50,,135,,,,
2023-12-07 09:23:40.064344,tf,NFO,39142,277.65,38.31,1701921220,,,,,,,,,
2023-12-07 09:23:40.582296,tf,NFO,39142,277.45,38.21,1701921220,2104035,277.90,278.45,30,285,,,,
2023-12-07 09:23:40.865600,tf,NFO,39142,277.70,38.33,1701921220,,,,,,,,,
2023-12-07 09:23:41.588433,tf,NFO,39142,278.45,38.70,1701921221,2107455,278.00,278.40,15,15,280.84,,,
2023-12-07 09:23:41.866439,tf,NFO,39142,278.55,38.75,1701921221,,,,,,,,,
2023-12-07 09:23:42.788867,tf,NFO,39142,279.20,39.08,1701921222,2109240,279.20,279.65,,,,,,
2023-12-07 09:23:42.866943,tf,NFO,39142,279.80,39.38,1701921222,,,,,,,,,
2023-12-07 09:23:43.188312,tf,NFO,39142,279.90,39.43,1701921223,2109750,279.40,279.80,,60,,,,
2023-12-07 09:23:44.067319,tf,NFO,39142,279.15,39.05,1701921224,,,,,,,,,
2023-12-07 09:23:44.193006,tf,NFO,39142,279.40,39.18,1701921224,2110485,278.95,279.35,150,30,,,,
2023-12-07 09:23:44.867054,tf,NFO,39142,280.00,39.48,1701921224,,,,,,,,,
2023-12-07 09:23:45.394016,tf,NFO,39142,279.85,39.40,1701921225,2112855,,279.50,30,,,,,
2023-12-07 09:23:45.868071,tf,NFO,39142,280.15,39.55,1701921225,,,,,,,,,
2023-12-07 09:23:46.594794,tf,NFO,39142,278.25,38.61,1701921226,2115015,278.45,278.85,90,15,,,,
2023-12-07 09:23:46.868445,tf,NFO,39142,279.40,39.18,1701921226,,,,,,,,,
2023-12-07 09:23:47.795637,tf,NFO,39142,277.10,38.03,1701921227,2115990,276.80,277.30,15,150,,,,
2023-12-07 09:23:48.195103,tf,NFO,39142,277.55,38.26,1701921228,2116095,,277.35,,120,,,,
2023-12-07 09:23:49.068923,tf,NFO,39142,279.00,38.98,1701921229,,,,,,,,,
2023-12-07 09:23:49.200016,tf,NFO,39142,279.55,39.25,1701921229,2116695,279.00,279.45,105,90,,,,
2023-12-07 09:23:49.869301,tf,NFO,39142,277.80,38.38,1701921229,,,,,,,,,
2023-12-07 09:23:50.398480,tf,NFO,39142,277.40,38.18,1701921230,2118135,277.05,277.60,45,30,280.83,,,
2023-12-07 09:23:51.403763,tf,NFO,39142,278.30,38.63,1701921231,2118780,277.55,278.05,,60,,,,
2023-12-07 09:23:51.870533,tf,NFO,39142,278.70,38.83,1701921231,,,,,,,,,
2023-12-07 09:23:52.603865,tf,NFO,39142,279.00,38.98,1701921232,2122170,278.60,279.05,15,30,,,,
2023-12-07 09:23:52.870668,tf,NFO,39142,277.90,38.43,1701921232,,,,,,,,,
2023-12-07 09:23:53.805685,tf,NFO,39142,278.15,38.56,1701921233,2126325,277.65,278.15,,165,280.82,,,
2023-12-07 09:23:54.204081,tf,NFO,39142,278.80,38.88,1701921234,2126715,278.30,278.80,30,180,,,,
2023-12-07 09:23:55.072041,tf,NFO,39142,279.90,39.43,1701921235,,,,,,,,,
2023-12-07 09:23:55.208343,tf,NFO,39142,281.10,40.02,1701921235,2129010,280.55,281.05,15,15,,,,
2023-12-07 09:23:55.873093,tf,NFO,39142,283.45,41.20,1701921235,,,,,,,,,
2023-12-07 09:23:56.407940,tf,NFO,39142,283.15,41.05,1701921236,2135235,283.10,283.50,45,465,280.83,,,
2023-12-07 09:23:56.873564,tf,NFO,39142,283.40,41.17,1701921236,,,,,,,,,
2023-12-07 09:23:57.608083,tf,NFO,39142,284.40,41.67,1701921237,2138610,283.45,284.05,90,30,,,,
2023-12-07 09:23:57.874815,tf,NFO,39142,284.30,41.62,1701921237,,,,,,,,,
2023-12-07 09:23:58.612599,tf,NFO,39142,283.95,41.44,1701921238,2145570,282.70,283.10,270,60,280.84,,,
2023-12-07 09:23:59.075558,tf,NFO,39142,284.30,41.62,1701921239,,,,,,,,,
2023-12-07 09:23:59.813906,tf,NFO,39142,283.45,41.20,1701921239,2150910,283.00,283.45,180,30,280.85,,,
2023-12-07 09:23:59.876458,tf,NFO,39142,283.65,41.30,1701921239,,,,,,,,,
2023-12-07 09:24:00.213061,tf,NFO,39142,282.55,40.75,1701921240,2152125,282.15,282.65,45,15,,,,
2023-12-07 09:24:00.877434,tf,NFO,39142,281.30,40.12,1701921240,,,,,,,,,
2023-12-07 09:24:01.216768,tf,NFO,39142,282.10,40.52,1701921241,2153955,281.60,282.10,90,30,,,,
2023-12-07 09:24:01.879148,tf,NFO,39142,282.00,40.47,1701921241,,,,,,,,,
2023-12-07 09:24:02.220364,tf,NFO,39142,281.25,40.10,1701921242,2155575,280.95,281.45,75,120,,,,
2023-12-07 09:24:03.079813,tf,NFO,39142,278.80,38.88,1701921243,,,,,,,,,
2023-12-07 09:24:03.419961,tf,NFO,39142,278.85,38.90,1701921243,2158965,278.35,278.90,30,45,,,,
2023-12-07 09:24:03.880075,tf,NFO,39142,278.30,38.63,1701921243,,,,,,,,,
2023-12-07 09:24:04.621520,tf,NFO,39142,279.00,38.98,1701921244,2162745,278.60,279.15,,255,,,,
2023-12-07 09:24:04.881094,tf,NFO,39142,278.50,38.73,1701921244,,,,,,,,,
2023-12-07 09:24:05.626217,tf,NFO,39142,280.50,39.73,1701921245,2164110,280.25,280.65,,15,280.84,,,
2023-12-07 09:24:05.881631,tf,NFO,39142,280.80,39.88,1701921245,,,,,,,,,
2023-12-07 09:24:06.826988,tf,NFO,39142,280.40,39.68,1701921246,2165475,280.05,280.50,45,90,,,,
2023-12-07 09:24:07.224155,tf,NFO,39142,280.20,39.58,1701921247,2165565,280.60,281.10,30,60,,,,
2023-12-07 09:24:08.083241,tf,NFO,39142,280.85,39.90,1701921248,,,,,,,,,
2023-12-07 09:24:08.228992,tf,NFO,39142,280.60,39.78,1701921248,2168100,280.50,281.05,,15,,,,
2023-12-07 09:24:08.884123,tf,NFO,39142,281.65,40.30,1701921248,,,,,,,,,
2023-12-07 09:24:09.426714,tf,NFO,39142,281.30,40.12,1701921249,2170035,280.80,281.35,15,180,,,,
2023-12-07 09:24:09.884589,tf,NFO,39142,280.85,39.90,1701921249,,,,,,,,,
2023-12-07 09:24:10.433160,tf,NFO,39142,282.05,40.50,1701921250,2170950,281.70,282.20,60,285,,,,
2023-12-07 09:24:11.634644,tf,NFO,39142,282.90,40.92,1701921251,2171685,282.40,282.95,90,30,280.85,,,
2023-12-07 09:24:11.887006,tf,NFO,39142,283.50,41.22,1701921251,,,,,,,,,
2023-12-07 09:24:12.833206,tf,NFO,39142,283.95,41.44,1701921252,2173620,283.45,283.90,60,,,,,
2023-12-07 09:24:12.888003,tf,NFO,39142,283.75,41.34,1701921252,,,,,,,,,
2023-12-07 09:24:13.234579,tf,NFO,39142,282.60,40.77,1701921253,2174595,282.80,283.35,195,,,,,
2023-12-07 09:24:14.088043,tf,NFO,39142,283.40,41.17,1701921254,,,,,,,,,
2023-12-07 09:24:14.235582,tf,NFO,39142,285.55,42.24,1701921254,2177910,284.75,285.15,30,,,,,
2023-12-07 09:24:14.888608,tf,NFO,39142,283.00,40.97,1701921254,,,,,,,,,
2023-12-07 09:24:15.239179,tf,NFO,39142,282.15,40.55,1701921255,2180475,282.05,282.50,75,60,280.86,,,
2023-12-07 09:24:15.889980,tf,NFO,39142,281.50,40.22,1701921255,,,,,,,,,
2023-12-07 09:24:16.438941,tf,NFO,39142,281.55,40.25,1701921256,2183760,281.35,281.65,30,15,,,,
2023-12-07 09:24:18.902157,tf,NFO,39142,283.65,41.30,1701921258,,,,,,,,,
2023-12-07 09:24:19.847601,tf,NFO,39142,283.45,41.20,1701921259,2186610,282.65,283.05,,60,,,,
2023-12-07 09:24:19.891845,tf,NFO,39142,282.50,40.72,1701921259,,,,,,,,,
2023-12-07 09:24:20.245807,tf,NFO,39142,281.20,40.07,1701921260,2187510,281.30,281.80,,30,,,,
2023-12-07 09:24:20.893032,tf,NFO,39142,282.70,40.82,1701921260,,,,,,,,,
2023-12-07 09:24:21.249802,tf,NFO,39142,283.00,40.97,1701921261,2189175,283.00,283.45,15,15,,,,
2023-12-07 09:24:21.894276,tf,NFO,39142,283.55,41.25,1701921261,,,,,,,,,
2023-12-07 09:24:22.448378,tf,NFO,39142,282.85,40.90,1701921262,2190045,282.90,,45,75,,,,
2023-12-07 09:24:23.093467,tf,NFO,39142,283.30,41.12,1701921263,,,,,,,,,
2023-12-07 09:24:23.453124,tf,NFO,39142,282.80,40.87,1701921263,2191170,282.20,282.75,15,135,,,,
2023-12-07 09:24:23.894610,tf,NFO,39142,284.20,41.57,1701921263,,,,,,,,,
2023-12-07 09:24:24.653533,tf,NFO,39142,283.25,41.10,1701921264,2192355,282.70,283.25,45,120,,,,
2023-12-07 09:24:24.894921,tf,NFO,39142,283.20,41.07,1701921264,,,,,,,,,
2023-12-07 09:24:25.854329,tf,NFO,39142,284.60,41.77,1701921265,2195685,284.15,284.65,30,75,280.87,,,
2023-12-07 09:24:25.896147,tf,NFO,39142,284.25,41.59,1701921265,,,,,,,,,
2023-12-07 09:24:26.254518,tf,NFO,39142,284.30,41.62,1701921266,2195790,284.50,284.95,210,,,,,
2023-12-07 09:24:26.896443,tf,NFO,39142,286.10,42.52,1701921266,,,,,,,,,
2023-12-07 09:24:27.256530,tf,NFO,39142,285.30,42.12,1701921267,2201790,285.40,285.80,60,,280.88,,,
2023-12-07 09:24:28.096931,tf,NFO,39142,287.10,43.01,1701921268,,,,,,,,,
2023-12-07 09:24:28.261635,tf,NFO,39142,287.65,43.29,1701921268,2209650,287.40,287.90,30,30,280.90,,,
2023-12-07 09:24:28.897149,tf,NFO,39142,288.65,43.79,1701921268,,,,,,,,,
2023-12-07 09:24:29.264394,tf,NFO,39142,289.00,43.96,1701921269,2211630,288.75,289.00,150,135,280.91,,,
2023-12-07 09:24:29.897943,tf,NFO,39142,290.00,44.46,1701921269,,,,,,,,,
2023-12-07 09:24:30.462475,tf,NFO,39142,290.65,44.78,1701921270,2222130,290.25,290.70,15,225,280.95,,,
2023-12-07 09:24:30.898883,tf,NFO,39142,290.85,44.88,1701921270,,,,,,,,,
2023-12-07 09:24:31.264580,tf,NFO,39142,290.50,44.71,1701921271,2227155,290.45,291.00,60,15,280.97,,,
2023-12-07 09:24:32.098960,tf,NFO,39142,290.55,44.73,1701921272,,,,,,,,,
2023-12-07 09:24:32.899277,tf,NFO,39142,292.75,45.83,1701921272,,,,,,,,,
2023-12-07 09:24:33.272193,tf,NFO,39142,292.15,45.53,1701921273,2237820,292.15,292.60,60,45,281.02,,,
2023-12-07 09:24:33.899536,tf,NFO,39142,290.95,44.93,1701921273,,,,,,,,,
2023-12-07 09:24:34.470194,tf,NFO,39142,292.00,45.45,1701921274,2243535,291.40,292.00,30,60,281.05,,,
2023-12-07 09:24:35.100026,tf,NFO,39142,291.30,45.11,1701921275,,,,,,,,,
2023-12-07 09:24:35.671744,tf,NFO,39142,290.45,44.68,1701921275,2251695,290.70,291.35,150,30,281.09,,,
2023-12-07 09:24:35.907103,tf,NFO,39142,291.55,45.23,1701921275,,,,,,,,,
2023-12-07 09:24:36.873418,tf,NFO,39142,293.65,46.28,1701921276,2258130,293.20,293.70,30,60,281.12,,,
2023-12-07 09:24:37.679712,tf,NFO,39142,293.35,46.13,1701921277,2260635,293.15,293.75,45,15,281.14,,,
2023-12-07 09:24:37.900844,tf,NFO,39142,292.35,45.63,1701921277,,,,,,,,,
2023-12-07 09:24:38.881649,tf,NFO,39142,293.25,46.08,1701921278,2269215,293.20,293.65,15,,281.18,,,
2023-12-07 09:24:39.101833,tf,NFO,39142,292.45,45.68,1701921279,,,,,,,,,
2023-12-07 09:24:39.278985,tf,NFO,39142,293.45,46.18,1701921279,2270340,293.15,293.45,,30,281.19,,,
2023-12-07 09:24:39.902302,tf,NFO,39142,296.05,47.47,1701921279,,,,,,,,,
2023-12-07 09:24:40.283269,tf,NFO,39142,295.00,46.95,1701921280,2278755,294.50,295.05,,75,281.24,,,
2023-12-07 09:24:40.903526,tf,NFO,39142,295.70,47.30,1701921280,,,,,,,,,
2023-12-07 09:24:41.281963,tf,NFO,39142,298.80,48.84,1701921281,2284065,298.40,298.90,,15,281.28,,,
2023-12-07 09:24:42.104781,tf,NFO,39142,297.05,47.97,1701921282,,,,,,,,,
2023-12-07 09:24:42.282125,tf,NFO,39142,297.40,48.14,1701921282,2294430,296.90,297.60,,120,281.36,,,
2023-12-07 09:24:42.905634,tf,NFO,39142,296.05,47.47,1701921282,,,,,,,,,
2023-12-07 09:24:43.283905,tf,NFO,39142,295.80,47.35,1701921283,2310750,295.25,295.85,,15,281.46,,,
2023-12-07 09:24:43.906208,tf,NFO,39142,296.25,47.57,1701921283,,,,,,,,,
2023-12-07 09:24:44.286493,tf,NFO,39142,295.60,47.25,1701921284,2320605,295.75,296.25,,90,281.52,,,
2023-12-07 09:24:44.907248,tf,NFO,39142,295.30,47.10,1701921284,,,,,,,,,
2023-12-07 09:24:45.290645,tf,NFO,39142,295.60,47.25,1701921285,2327025,295.05,295.60,255,105,281.56,,,
2023-12-07 09:24:46.107623,tf,NFO,39142,296.10,47.50,1701921286,,,,,,,,,
2023-12-07 09:24:46.491978,tf,NFO,39142,297.00,47.95,1701921286,2331915,296.45,296.90,15,30,281.59,,,
2023-12-07 09:24:46.908718,tf,NFO,39142,297.45,48.17,1701921286,,,,,,,,,
2023-12-07 09:24:47.690822,tf,NFO,39142,292.45,45.68,1701921287,2337480,292.45,292.95,,180,281.62,,,
2023-12-07 09:24:47.909581,tf,NFO,39142,293.70,46.30,1701921287,,,,,,,,,
2023-12-07 09:24:48.892374,tf,NFO,39142,295.00,46.95,1701921288,2344650,294.95,295.45,30,,281.66,,,
2023-12-07 09:24:49.110157,tf,NFO,39142,294.80,46.85,1701921289,,,,,,,,,
2023-12-07 09:24:49.696892,tf,NFO,39142,297.00,47.95,1701921289,2346750,297.10,297.50,15,15,281.68,,,
2023-12-07 09:24:49.910747,tf,NFO,39142,298.75,48.82,1701921289,,,,,,,,,
2023-12-07 09:24:50.900074,tf,NFO,39142,297.50,48.19,1701921290,2350335,297.40,298.05,60,,281.70,,,
2023-12-07 09:24:51.111725,tf,NFO,39142,297.90,48.39,1701921291,,,,,,,,,
2023-12-07 09:24:51.296126,tf,NFO,39142,298.70,48.79,1701921291,2352585,298.20,298.75,30,30,281.72,,,
2023-12-07 09:24:51.912084,tf,NFO,39142,299.05,48.97,1701921291,,,,,,,,,
2023-12-07 09:24:52.300929,tf,NFO,39142,299.50,49.19,1701921292,2357145,299.00,299.50,615,105,281.75,,,
2023-12-07 09:24:52.913038,tf,NFO,39142,296.05,47.47,1701921292,,,,,,,,,
2023-12-07 09:24:53.500189,tf,NFO,39142,296.00,47.45,1701921293,2363715,295.60,296.15,15,60,281.79,,,
2023-12-07 09:24:54.114090,tf,NFO,39142,296.70,47.80,1701921294,,,,,,,,,
2023-12-07 09:24:54.698856,tf,NFO,39142,298.40,48.64,1701921294,2368935,298.10,298.65,30,,281.82,,,
2023-12-07 09:24:54.914206,tf,NFO,39142,299.10,48.99,1701921294,,,,,,,,,
2023-12-07 09:24:55.704642,tf,NFO,39142,299.15,49.02,1701921295,2373225,299.25,299.75,15,75,281.85,,,
2023-12-07 09:24:55.915959,tf,NFO,39142,298.90,48.89,1701921295,,,,,,,,,
2023-12-07 09:24:56.905293,tf,NFO,39142,298.05,48.47,1701921296,2377710,297.50,298.05,300,15,281.88,,,
2023-12-07 09:24:57.115909,tf,NFO,39142,298.30,48.59,1701921297,,,,,,,,,
2023-12-07 09:24:57.304808,tf,NFO,39142,298.85,48.87,1701921297,2378625,298.35,298.90,45,405,281.89,,,
2023-12-07 09:24:57.917310,tf,NFO,39142,300.50,49.69,1701921297,,,,,,,,,
2023-12-07 09:24:58.304988,tf,NFO,39142,298.80,48.84,1701921298,2395470,298.80,299.35,15,195,282.02,,,
2023-12-07 09:24:58.917118,tf,NFO,39142,298.70,48.79,1701921298,,,,,,,,,
2023-12-07 09:24:59.308916,tf,NFO,39142,299.25,49.07,1701921299,2400975,298.50,298.95,,15,282.06,,,
2023-12-07 09:24:59.918210,tf,NFO,39142,298.80,48.84,1701921299,,,,,,,,,
2023-12-07 09:25:00.509377,tf,NFO,39142,295.15,47.02,1701921300,2407515,295.35,295.85,75,255,282.10,,,
2023-12-07 09:25:01.119000,tf,NFO,39142,294.95,46.92,1701921301,,,,,,,,,
2023-12-07 09:25:01.710417,tf,NFO,39142,294.30,46.60,1701921301,2415240,294.35,294.95,15,375,282.14,,,
2023-12-07 09:25:02.125959,tf,NFO,39142,295.00,46.95,1701921301,,,,,,,,,
2023-12-07 09:25:02.911960,tf,NFO,39142,296.35,47.62,1701921302,2420520,296.05,296.30,,15,282.17,,,
2023-12-07 09:25:03.119843,tf,NFO,39142,295.75,47.32,1701921303,,,,,,,,,
2023-12-07 09:25:03.312745,tf,NFO,39142,296.50,47.70,1701921303,2423490,296.50,296.85,30,,282.19,,,
2023-12-07 09:25:03.920408,tf,NFO,39142,296.60,47.75,1701921303,,,,,,,,,
2023-12-07 09:25:04.316680,tf,NFO,39142,294.10,46.50,1701921304,2425530,294.40,294.80,60,30,282.20,,,
2023-12-07 09:25:04.920835,tf,NFO,39142,295.15,47.02,1701921304,,,,,,,,,
2023-12-07 09:25:05.320608,tf,NFO,39142,296.10,47.50,1701921305,2428335,295.80,296.25,15,15,282.21,,,
2023-12-07 09:25:06.121688,tf,NFO,39142,293.50,46.20,1701921306,,,,,,,,,
2023-12-07 09:25:06.525704,tf,NFO,39142,291.75,45.33,1701921306,2436015,291.25,291.75,,90,282.25,,,
2023-12-07 09:25:06.923729,tf,NFO,39142,293.05,45.98,1701921306,,,,,,,,,
2023-12-07 09:25:07.720539,tf,NFO,39142,294.15,46.53,1701921307,2440875,294.40,294.90,,270,282.27,,,
2023-12-07 09:25:07.923808,tf,NFO,39142,294.45,46.67,1701921307,,,,,,,,,
2023-12-07 09:25:08.921174,tf,NFO,39142,293.75,46.33,1701921308,2447835,293.85,294.35,30,75,282.31,,,
2023-12-07 09:25:09.123846,tf,NFO,39142,294.75,46.82,1701921309,,,,,,,,,
2023-12-07 09:25:09.321950,tf,NFO,39142,294.50,46.70,1701921309,2449200,294.00,294.50,15,120,,,,
2023-12-07 09:25:09.924104,tf,NFO,39142,294.35,46.63,1701921309,,,,,,,,,
2023-12-07 09:25:11.124255,tf,NFO,39142,295.75,47.32,1701921311,,,,,,,,,
2023-12-07 09:25:11.527112,tf,NFO,39142,296.20,47.55,1701921311,2454360,296.15,296.65,30,15,282.34,,,
2023-12-07 09:25:11.924257,tf,NFO,39142,294.60,46.75,1701921311,,,,,,,,,
2023-12-07 09:25:12.727247,tf,NFO,39142,295.40,47.15,1701921312,2457690,295.45,295.95,15,45,282.36,,,
2023-12-07 09:25:12.925481,tf,NFO,39142,297.45,48.17,1701921312,,,,,,,,,
2023-12-07 09:25:13.926032,tf,NFO,39142,298.85,48.87,1701921313,,,,,,,,,
2023-12-07 09:25:14.328977,tf,NFO,39142,299.25,49.07,1701921314,2465445,298.60,299.30,45,150,282.41,,,
2023-12-07 09:25:15.126080,tf,NFO,39142,296.70,47.80,1701921315,,,,,,,,,
2023-12-07 09:25:15.331293,tf,NFO,39142,297.35,48.12,1701921315,2470860,297.25,297.80,15,30,282.44,,,
2023-12-07 09:25:15.926385,tf,NFO,39142,296.00,47.45,1701921315,,,,,,,,,
2023-12-07 09:25:16.334656,tf,NFO,39142,296.50,47.70,1701921316,2475495,296.75,297.00,,150,282.47,,,
2023-12-07 09:25:16.927101,tf,NFO,39142,298.65,48.77,1701921316,,,,,,,,,
2023-12-07 09:25:17.533692,tf,NFO,39142,299.00,48.94,1701921317,2479005,298.55,299.00,,30,282.49,,,
2023-12-07 09:25:17.927737,tf,NFO,39142,299.20,49.04,1701921317,,,,,,,,,
2023-12-07 09:25:18.538916,tf,NFO,39142,298.30,48.59,1701921318,2483040,297.95,298.45,,135,282.52,,,
2023-12-07 09:25:19.127850,tf,NFO,39142,296.30,47.60,1701921319,,,,,,,,,
2023-12-07 09:25:19.737879,tf,NFO,39142,298.80,48.84,1701921319,2486685,298.50,298.80,,15,282.54,,,
2023-12-07 09:25:19.928455,tf,NFO,39142,300.05,49.46,1701921319,,,,,,,,,
2023-12-07 09:25:20.928815,tf,NFO,39142,300.15,49.51,1701921320,,,,,,,,,
2023-12-07 09:25:21.339697,tf,NFO,39142,298.55,48.72,1701921321,2501145,298.20,298.70,195,60,282.64,,,
2023-12-07 09:25:22.129154,tf,NFO,39142,300.60,49.74,1701921322,,,,,,,,,
2023-12-07 09:25:22.344644,tf,NFO,39142,300.90,49.89,1701921322,2506290,300.30,300.85,45,135,282.67,,,
2023-12-07 09:25:22.929267,tf,NFO,39142,300.70,49.79,1701921322,,,,,,,,,
2023-12-07 09:25:23.346789,tf,NFO,39142,301.55,50.21,1701921323,2512185,301.65,301.95,300,195,282.72,,,
2023-12-07 09:25:23.929547,tf,NFO,39142,302.95,50.91,1701921323,,,,,,,,,
2023-12-07 09:25:24.545805,tf,NFO,39142,301.85,50.36,1701921324,2519640,301.30,301.85,15,,282.78,,,
2023-12-07 09:25:24.930753,tf,NFO,39142,301.75,50.31,1701921324,,,,,,,,,
2023-12-07 09:25:25.554234,tf,NFO,39142,302.90,50.88,1701921325,2528715,302.30,302.90,,60,282.85,,,
2023-12-07 09:25:26.131527,tf,NFO,39142,304.00,51.43,1701921326,,,,,,,,,
2023-12-07 09:25:26.748713,tf,NFO,39142,303.00,50.93,1701921326,2536410,303.00,303.50,150,15,282.91,,,
2023-12-07 09:25:26.932106,tf,NFO,39142,303.25,51.06,1701921326,,,,,,,,,
2023-12-07 09:25:27.932810,tf,NFO,39142,303.50,51.18,1701921327,,,,,,,,,
2023-12-07 09:25:27.949854,tf,NFO,39142,303.20,51.03,1701921327,2541690,302.55,303.20,75,30,282.96,,,
2023-12-07 09:25:28.350643,tf,NFO,39142,303.60,51.23,1701921328,2545035,303.05,303.60,15,,282.98,,,
2023-12-07 09:25:29.133479,tf,NFO,39142,304.70,51.78,1701921329,,,,,,,,,
2023-12-07 09:25:29.355278,tf,NFO,39142,306.25,52.55,1701921329,2554830,305.85,306.30,,15,283.07,,,
2023-12-07 09:25:29.933986,tf,NFO,39142,304.90,51.88,1701921329,,,,,,,,,
2023-12-07 09:25:30.358416,tf,NFO,39142,306.85,52.85,1701921330,2560230,306.70,307.20,285,,283.12,,,
2023-12-07 09:25:30.935810,tf,NFO,39142,305.75,52.30,1701921330,,,,,,,,,
2023-12-07 09:25:31.558375,tf,NFO,39142,308.30,53.57,1701921331,2582025,308.05,308.70,15,30,283.33,,,
2023-12-07 09:25:32.136435,tf,NFO,39142,304.15,51.51,1701921332,,,,,,,,,
2023-12-07 09:25:32.759927,tf,NFO,39142,303.15,51.01,1701921332,2589540,303.30,303.75,30,15,283.39,,,
2023-12-07 09:25:32.937402,tf,NFO,39142,303.85,51.36,1701921332,,,,,,,,,
2023-12-07 09:25:33.558520,tf,NFO,39142,302.55,50.71,1701921333,2600490,302.10,302.55,105,,283.47,,,
2023-12-07 09:25:33.938241,tf,NFO,39142,303.15,51.01,1701921333,,,,,,,,,
2023-12-07 09:25:34.366225,tf,NFO,39142,302.45,50.66,1701921334,2603610,301.80,302.30,15,30,283.50,,,
2023-12-07 09:25:34.938704,tf,NFO,39142,302.30,50.59,1701921334,,,,,,,,,
2023-12-07 09:25:35.366956,tf,NFO,39142,300.80,49.84,1701921335,2611575,300.65,301.15,75,,283.55,,,
2023-12-07 09:25:36.140017,tf,NFO,39142,298.95,48.92,1701921336,,,,,,,,,
2023-12-07 09:25:36.567176,tf,NFO,39142,300.80,49.84,1701921336,2625060,300.25,300.75,15,15,283.64,,,
2023-12-07 09:25:36.940201,tf,NFO,39142,300.30,49.59,1701921336,,,,,,,,,
2023-12-07 09:25:37.768423,tf,NFO,39142,301.55,50.21,1701921337,2629545,301.00,301.55,,,283.66,,,
2023-12-07 09:25:37.941068,tf,NFO,39142,301.95,50.41,1701921337,,,,,,,,,
2023-12-07 09:25:38.968010,tf,NFO,39142,303.60,51.23,1701921338,2633985,303.10,303.55,30,,283.70,,,
2023-12-07 09:25:39.142206,tf,NFO,39142,302.15,50.51,1701921339,,,,,,,,,
2023-12-07 09:25:39.369623,tf,NFO,39142,301.60,50.24,1701921339,2635740,301.60,302.10,15,105,283.71,,,
2023-12-07 09:25:39.942586,tf,NFO,39142,300.65,49.76,1701921339,,,,,,,,,
2023-12-07 09:25:40.943681,tf,NFO,39142,299.70,49.29,1701921340,,,,,,,,,
2023-12-07 09:25:41.571936,tf,NFO,39142,299.50,49.19,1701921341,2643540,299.20,299.50,,120,283.76,,,
2023-12-07 09:25:42.144509,tf,NFO,39142,299.00,48.94,1701921342,,,,,,,,,
2023-12-07 09:25:42.575882,tf,NFO,39142,299.40,49.14,1701921342,2647875,299.00,299.45,,45,283.78,,,
2023-12-07 09:25:42.945073,tf,NFO,39142,300.80,49.84,1701921342,,,,,,,,,
2023-12-07 09:25:43.777239,tf,NFO,39142,299.45,49.17,1701921343,2653080,299.35,299.85,,15,283.81,,,
2023-12-07 09:25:43.946311,tf,NFO,39142,301.20,50.04,1701921343,,,,,,,,,
2023-12-07 09:25:44.946544,tf,NFO,39142,302.20,50.54,1701921344,,,,,,,,,
2023-12-07 09:25:44.978074,tf,NFO,39142,302.55,50.71,1701921344,2658600,301.60,302.05,180,105,283.85,,,
2023-12-07 09:25:45.378521,tf,NFO,39142,301.60,50.24,1701921345,2660700,,302.30,45,15,283.86,,,
2023-12-07 09:25:46.147568,tf,NFO,39142,303.25,51.06,1701921346,,,,,,,,,
2023-12-07 09:25:46.387339,tf,NFO,39142,303.00,50.93,1701921346,2665425,302.45,303.00,15,45,283.90,,,
2023-12-07 09:25:46.948216,tf,NFO,39142,302.45,50.66,1701921346,,,,,,,,,
2023-12-07 09:25:47.580501,tf,NFO,39142,301.00,49.94,1701921347,2671170,300.95,301.60,90,30,283.94,,,
2023-12-07 09:25:47.949105,tf,NFO,39142,302.65,50.76,1701921347,,,,,,,,,
2023-12-07 09:25:48.585501,tf,NFO,39142,302.80,50.83,1701921348,2673690,302.30,302.80,30,120,283.95,,,
2023-12-07 09:25:48.950939,tf,NFO,39142,302.30,50.59,1701921348,,,,,,,,,
2023-12-07 09:25:49.784982,tf,NFO,39142,303.00,50.93,1701921349,2679090,302.55,303.00,75,285,283.99,,,
2023-12-07 09:25:50.150962,tf,NFO,39142,303.40,51.13,1701921350,,,,,,,,,
2023-12-07 09:25:50.791150,tf,NFO,39142,302.50,50.68,1701921350,2683425,302.10,302.50,,30,284.02,,,
2023-12-07 09:25:50.951886,tf,NFO,39142,301.80,50.34,1701921350,,,,,,,,,
2023-12-07 09:25:51.952443,tf,NFO,39142,301.55,50.21,1701921351,,,,,,,,,
2023-12-07 09:25:51.992577,tf,NFO,39142,301.90,50.39,1701921351,2687955,301.40,301.90,15,15,284.05,,,
2023-12-07 09:25:52.391135,tf,NFO,39142,302.40,50.64,1701921352,2688870,302.00,302.30,,45,284.06,,,
2023-12-07 09:25:53.153154,tf,NFO,39142,300.10,49.49,1701921353,,,,,,,,,
2023-12-07 09:25:53.590847,tf,NFO,39142,300.00,49.44,1701921353,2694120,299.50,300.05,30,255,284.09,,,
2023-12-07 09:25:53.953930,tf,NFO,39142,301.45,50.16,1701921353,,,,,,,,,
2023-12-07 09:25:54.595572,tf,NFO,39142,302.55,50.71,1701921354,2698890,302.30,302.80,,45,284.12,,,
2023-12-07 09:25:54.954812,tf,NFO,39142,302.20,50.54,1701921354,,,,,,,,,
2023-12-07 09:25:55.796649,tf,NFO,39142,302.10,50.49,1701921355,2703780,301.55,302.10,,15,284.15,,,
2023-12-07 09:25:56.155024,tf,NFO,39142,301.20,50.04,1701921356,,,,,,,,,
2023-12-07 09:25:56.955446,tf,NFO,39142,301.45,50.16,1701921356,,,,,,,,,
2023-12-07 09:25:57.397193,tf,NFO,39142,300.25,49.56,1701921357,2706585,299.75,300.35,,375,284.17,,,
2023-12-07 09:25:57.957093,tf,NFO,39142,300.45,49.66,1701921357,,,,,,,,,
2023-12-07 09:25:58.401941,tf,NFO,39142,301.30,50.09,1701921358,2708055,301.00,301.50,,15,284.18,,,
2023-12-07 09:25:59.157471,tf,NFO,39142,301.55,50.21,1701921359,,,,,,,,,
2023-12-07 09:25:59.405776,tf,NFO,39142,301.10,49.99,1701921359,2711790,300.55,301.10,165,30,284.20,,,
2023-12-07 09:25:59.957893,tf,NFO,39142,301.95,50.41,1701921359,,,,,,,,,
2023-12-07 09:26:00.959576,tf,NFO,39142,300.20,49.54,1701921360,,,,,,,,,
2023-12-07 09:26:01.609796,tf,NFO,39142,300.25,49.56,1701921361,2718915,300.35,300.90,,,284.24,,,
2023-12-07 09:26:01.959370,tf,NFO,39142,301.20,50.04,1701921361,,,,,,,,,
2023-12-07 09:26:02.808793,tf,NFO,39142,299.55,49.22,1701921362,2721285,299.60,300.10,,,284.26,,,
2023-12-07 09:26:02.960112,tf,NFO,39142,300.15,49.51,1701921362,,,,,,,,,
2023-12-07 09:26:04.010515,tf,NFO,39142,298.25,48.57,1701921364,2724015,298.45,298.70,,,284.27,,,
2023-12-07 09:26:04.160308,tf,NFO,39142,298.70,48.79,1701921364,,,,,,,,,
2023-12-07 09:26:04.409465,tf,NFO,39142,297.35,48.12,1701921364,2728560,297.35,297.85,,150,284.30,,,
2023-12-07 09:26:04.960927,tf,NFO,39142,294.65,46.77,1701921364,,,,,,,,,
2023-12-07 09:26:05.415044,tf,NFO,39142,291.70,45.31,1701921365,2742735,291.65,292.25,195,30,284.35,,,
2023-12-07 09:26:06.162153,tf,NFO,39142,291.95,45.43,1701921366,,,,,,,,,
2023-12-07 09:26:06.612761,tf,NFO,39142,291.50,45.21,1701921366,2749185,291.30,291.55,150,45,284.36,,,
2023-12-07 09:26:06.962178,tf,NFO,39142,289.45,44.18,1701921366,,,,,,,,,
2023-12-07 09:26:07.617794,tf,NFO,39142,291.05,44.98,1701921367,2766570,290.90,291.50,165,15,284.40,,,
2023-12-07 09:26:07.962800,tf,NFO,39142,290.20,44.56,1701921367,,,,,,,,,
2023-12-07 09:26:08.818662,tf,NFO,39142,289.45,44.18,1701921368,2769960,289.50,290.05,30,,284.41,,,
2023-12-07 09:26:09.162783,tf,NFO,39142,290.15,44.53,1701921369,,,,,,,,,
2023-12-07 09:26:09.963856,tf,NFO,39142,290.90,44.91,1701921369,,,,,,,,,
2023-12-07 09:26:10.019189,tf,NFO,39142,290.70,44.81,1701921370,2780370,290.35,290.95,,,284.43,,,
2023-12-07 09:26:10.419674,tf,NFO,39142,289.65,44.28,1701921370,2782440,289.60,290.30,135,,,,,
2023-12-07 09:26:10.964560,tf,NFO,39142,287.00,42.96,1701921370,,,,,,,,,
2023-12-07 09:26:11.424513,tf,NFO,39142,285.10,42.02,1701921371,2788365,284.80,285.30,15,195,284.44,,,
2023-12-07 09:26:12.164849,tf,NFO,39142,286.80,42.86,1701921372,,,,,,,,,
2023-12-07 09:26:12.624071,tf,NFO,39142,284.20,41.57,1701921372,2796060,283.25,283.75,,60,,,,
2023-12-07 09:26:12.965419,tf,NFO,39142,280.80,39.88,1701921372,,,,,,,,,
2023-12-07 09:26:13.426739,tf,NFO,39142,281.90,40.42,1701921373,2802285,281.50,281.95,195,45,284.43,,,
2023-12-07 09:26:14.165515,tf,NFO,39142,284.25,41.59,1701921374,,,,,,,,,
2023-12-07 09:26:14.429492,tf,NFO,39142,284.10,41.52,1701921374,2809455,284.25,284.75,15,15,,,,
2023-12-07 09:26:14.965912,tf,NFO,39142,283.30,41.12,1701921374,,,,,,,,,
2023-12-07 09:26:15.629034,tf,NFO,39142,285.45,42.19,1701921375,2816565,284.75,285.10,,,,,,
2023-12-07 09:26:15.966625,tf,NFO,39142,284.85,41.89,1701921375,,,,,,,,,
2023-12-07 09:26:16.831133,tf,NFO,39142,284.45,41.69,1701921376,2820420,283.15,283.70,,,,,,
2023-12-07 09:26:16.967204,tf,NFO,39142,283.65,41.30,1701921376,,,,,,,,,
2023-12-07 09:26:17.432247,tf,NFO,39142,285.25,42.09,1701921377,2821365,285.05,285.45,75,,,,,
2023-12-07 09:26:18.167268,tf,NFO,39142,283.70,41.32,1701921378,,,,,,,,,
2023-12-07 09:26:18.441165,tf,NFO,39142,286.25,42.59,1701921378,2823360,286.30,286.75,15,,,,,
2023-12-07 09:26:18.967585,tf,NFO,39142,288.50,43.71,1701921378,,,,,,,,,
2023-12-07 09:26:19.439879,tf,NFO,39142,287.90,43.41,1701921379,2824710,288.05,288.50,,45,,,,
2023-12-07 09:26:20.637405,tf,NFO,39142,289.35,44.13,1701921380,2827590,288.50,288.80,225,6000,284.44,,,
2023-12-07 09:26:20.968380,tf,NFO,39142,288.75,43.84,1701921380,,,,,,,,,
2023-12-07 09:26:21.643485,tf,NFO,39142,288.50,43.71,1701921381,2833170,287.90,288.40,15,60,284.45,,,
2023-12-07 09:26:21.968562,tf,NFO,39142,285.95,42.44,1701921381,,,,,,,,,
2023-12-07 09:26:22.843527,tf,NFO,39142,283.75,41.34,1701921382,2837250,283.70,284.05,75,30,,,,
2023-12-07 09:26:23.168552,tf,NFO,39142,283.95,41.44,1701921383,,,,,,,,,
2023-12-07 09:26:23.969238,tf,NFO,39142,282.90,40.92,1701921383,,,,,,,,,
2023-12-07 09:26:24.045085,tf,NFO,39142,283.85,41.39,1701921384,2839335,283.80,284.30,90,,,,,
2023-12-07 09:26:24.642489,tf,NFO,39142,283.25,41.10,1701921384,2841000,283.25,283.70,360,,,,,
2023-12-07 09:26:24.970291,tf,NFO,39142,284.30,41.62,1701921384,,,,,,,,,
2023-12-07 09:26:25.649494,tf,NFO,39142,285.35,42.14,1701921385,2844750,284.90,285.35,45,105,,,,
2023-12-07 09:26:25.970799,tf,NFO,39142,285.50,42.22,1701921385,,,,,,,,,
2023-12-07 09:26:26.850310,tf,NFO,39142,285.65,42.29,1701921386,2847285,285.55,286.05,270,15,,,,
2023-12-07 09:26:27.172054,tf,NFO,39142,285.90,42.42,1701921387,,,,,,,,,
2023-12-07 09:26:27.972164,tf,NFO,39142,286.85,42.89,1701921387,,,,,,,,,
2023-12-07 09:26:28.450850,tf,NFO,39142,286.35,42.64,1701921388,2851350,285.95,286.45,,15,,,,
2023-12-07 09:26:28.972977,tf,NFO,39142,287.20,43.06,1701921388,,,,,,,710415,,
2023-12-07 09:26:29.454055,tf,NFO,39142,286.80,42.86,1701921389,2853375,286.85,287.30,,30,,,,
2023-12-07 09:26:29.973265,tf,NFO,39142,288.75,43.84,1701921389,,,,,,,,,
2023-12-07 09:26:30.652584,tf,NFO,39142,289.00,43.96,1701921390,2858880,288.90,289.30,30,90,284.46,,,
2023-12-07 09:26:30.974013,tf,NFO,39142,289.70,44.31,1701921390,,,,,,,,,
2023-12-07 09:26:31.657404,tf,NFO,39142,287.00,42.96,1701921391,2860845,287.05,287.55,15,45,,,,
2023-12-07 09:26:31.974335,tf,NFO,39142,288.30,43.61,1701921391,,,,,,,,,
2023-12-07 09:26:32.856128,tf,NFO,39142,288.50,43.71,1701921392,2862210,288.10,288.55,,,,,,
2023-12-07 09:26:32.975480,tf,NFO,39142,288.70,43.81,1701921392,,,,,,,,,
2023-12-07 09:26:33.862354,tf,NFO,39142,288.65,43.79,1701921393,2863815,288.55,288.90,,30,284.47,,,
2023-12-07 09:26:33.975749,tf,NFO,39142,288.75,43.84,1701921393,,,,,,,,,
2023-12-07 09:26:34.976777,tf,NFO,39142,288.30,43.61,1701921394,,,,,,,,,
2023-12-07 09:26:35.061492,tf,NFO,39142,287.70,43.31,1701921395,2865900,287.05,287.70,75,90,,,,
2023-12-07 09:26:35.461610,tf,NFO,39142,287.55,43.24,1701921395,2866065,286.95,287.50,15,255,,,,
2023-12-07 09:26:36.465621,tf,NFO,39142,287.45,43.19,1701921396,2867340,287.05,,,120,,,,
2023-12-07 09:26:36.977281,tf,NFO,39142,287.15,43.04,1701921396,,,,,,,,,
2023-12-07 09:26:37.468998,tf,NFO,39142,287.50,43.21,1701921397,2869410,,287.55,,465,,,,
2023-12-07 09:26:37.978493,tf,NFO,39142,288.15,43.54,1701921397,,,,,,,,,
2023-12-07 09:26:38.666914,tf,NFO,39142,288.20,43.56,1701921398,2872245,287.90,288.35,,30,284.48,,,
2023-12-07 09:26:38.979002,tf,NFO,39142,289.50,44.21,1701921398,,,,,,,,,
2023-12-07 09:26:39.672390,tf,NFO,39142,290.75,44.83,1701921399,2874375,290.30,290.65,,45,,,,
2023-12-07 09:26:39.980159,tf,NFO,39142,288.95,43.94,1701921399,,,,,,,,,
2023-12-07 09:26:40.871839,tf,NFO,39142,287.85,43.39,1701921400,2876385,287.85,288.25,195,,,,,
2023-12-07 09:26:41.180116,tf,NFO,39142,287.75,43.34,1701921401,,,,,,,,,
2023-12-07 09:26:41.980483,tf,NFO,39142,288.00,43.46,1701921401,,,,,,,,,
2023-12-07 09:26:42.073115,tf,NFO,39142,287.90,43.41,1701921402,2878845,287.55,288.05,300,15,284.49,,,
2023-12-07 09:26:42.473973,tf,NFO,39142,288.20,43.56,1701921402,2879730,288.55,289.10,60,,,,,
2023-12-07 09:26:42.981661,tf,NFO,39142,289.45,44.18,1701921402,,,,,,,,,
2023-12-07 09:26:43.477341,tf,NFO,39142,290.05,44.48,1701921403,2882010,289.90,290.35,225,,,,,
2023-12-07 09:26:43.982298,tf,NFO,39142,288.75,43.84,1701921403,,,,,,,,,
2023-12-07 09:26:44.677703,tf,NFO,39142,288.00,43.46,1701921404,2884395,287.60,288.00,240,30,,,,
2023-12-07 09:26:44.983174,tf,NFO,39142,287.75,43.34,1701921404,,,,,,,,,
2023-12-07 09:26:45.876989,tf,NFO,39142,288.40,43.66,1701921405,2886495,287.45,,15,225,284.50,,,
2023-12-07 09:26:46.184274,tf,NFO,39142,287.95,43.44,1701921406,,,,,,,,,
2023-12-07 09:26:46.882726,tf,NFO,39142,287.25,43.09,1701921406,2887680,287.15,287.65,105,90,,,,
2023-12-07 09:26:46.984891,tf,NFO,39142,286.00,42.47,1701921406,,,,,,,,,
2023-12-07 09:26:47.985130,tf,NFO,39142,286.45,42.69,1701921407,,,,,,,,,
2023-12-07 09:26:48.084470,tf,NFO,39142,286.40,42.67,1701921408,2892030,285.85,286.35,15,15,,,,
2023-12-07 09:26:48.487382,tf,NFO,39142,285.00,41.97,1701921408,2893380,284.45,284.90,,,,,,
2023-12-07 09:26:49.185255,tf,NFO,39142,285.10,42.02,1701921409,,,,,,,,,
2023-12-07 09:26:49.484548,tf,NFO,39142,284.85,41.89,1701921409,2894880,284.70,285.20,30,30,,,,
2023-12-07 09:26:50.487583,tf,NFO,39142,285.00,41.97,1701921410,2897130,284.95,285.55,60,15,,,,
2023-12-07 09:26:50.986990,tf,NFO,39142,284.15,41.54,1701921410,,,,,,,,,
2023-12-07 09:26:51.686038,tf,NFO,39142,284.70,41.82,1701921411,2900190,284.70,285.25,150,,,,,
2023-12-07 09:26:51.987257,tf,NFO,39142,285.55,42.24,1701921411,,,,,,,,,
2023-12-07 09:26:52.689748,tf,NFO,39142,284.75,41.84,1701921412,2902530,284.35,284.90,15,585,,,,
2023-12-07 09:26:52.987514,tf,NFO,39142,284.85,41.89,1701921412,,,,,,,,,
2023-12-07 09:26:53.890366,tf,NFO,39142,285.25,42.09,1701921413,2904930,285.25,285.75,,15,,,,
2023-12-07 09:26:53.988223,tf,NFO,39142,285.80,42.37,1701921413,,,,,,,,,
2023-12-07 09:26:54.895186,tf,NFO,39142,288.40,43.66,1701921414,2906295,287.85,288.35,,,,,,
2023-12-07 09:26:56.097269,tf,NFO,39142,287.65,43.29,1701921416,2908950,287.15,287.65,,60,284.51,,,
2023-12-07 09:26:56.188873,tf,NFO,39142,287.90,43.41,1701921416,,,,,,,,,
2023-12-07 09:26:56.494916,tf,NFO,39142,288.25,43.59,1701921416,2909430,287.85,288.30,75,15,,,,
2023-12-07 09:26:56.988833,tf,NFO,39142,288.10,43.51,1701921416,,,,,,,,,
2023-12-07 09:26:57.500262,tf,NFO,39142,287.45,43.19,1701921417,2910555,287.45,287.95,135,,,,,
2023-12-07 09:26:57.989846,tf,NFO,39142,287.80,43.36,1701921417,,,,,,,,,
2023-12-07 09:26:58.499360,tf,NFO,39142,285.85,42.39,1701921418,2912355,285.60,286.10,30,285,,,,
2023-12-07 09:26:59.189998,tf,NFO,39142,287.00,42.96,1701921419,,,,,,,,,
2023-12-07 09:26:59.700095,tf,NFO,39142,287.55,43.24,1701921419,2914665,287.50,288.00,45,195,,,,
2023-12-07 09:26:59.990959,tf,NFO,39142,290.00,44.46,1701921419,,,,,,,,,
2023-12-07 09:27:00.499392,tf,NFO,39142,291.55,45.23,1701921420,2917200,291.55,292.05,,480,284.52,,,
2023-12-07 09:27:00.991086,tf,NFO,39142,291.85,45.38,1701921420,,,,,,,,,
2023-12-07 09:27:01.500981,tf,NFO,39142,291.20,45.06,1701921421,2918580,290.85,291.30,15,30,,,,
2023-12-07 09:27:01.992363,tf,NFO,39142,290.25,44.58,1701921421,,,,,,,,,
2023-12-07 09:27:02.511135,tf,NFO,39142,291.05,44.98,1701921422,2919840,290.70,291.10,60,90,,,,
2023-12-07 09:27:03.192365,tf,NFO,39142,292.70,45.80,1701921423,,,,,,,,,
2023-12-07 09:27:03.505831,tf,NFO,39142,294.40,46.65,1701921423,2923125,294.10,294.50,15,30,284.53,,,
2023-12-07 09:27:03.993155,tf,NFO,39142,294.55,46.72,1701921423,,,,,,,,,
2023-12-07 09:27:04.509624,tf,NFO,39142,294.75,46.82,1701921424,2927310,294.30,294.75,30,75,284.54,,,
2023-12-07 09:27:04.994296,tf,NFO,39142,293.60,46.25,1701921424,,,,,,,,,
2023-12-07 09:27:05.709284,tf,NFO,39142,293.95,46.43,1701921425,2932230,293.30,293.70,15,45,284.56,,,
2023-12-07 09:27:05.994607,tf,NFO,39142,294.15,46.53,1701921425,,,,,,,,,
2023-12-07 09:27:06.910052,tf,NFO,39142,294.25,46.58,1701921426,2939550,293.80,294.25,90,150,284.58,,,
2023-12-07 09:27:06.996040,tf,NFO,39142,294.05,46.48,1701921426,,,,,,,,,
2023-12-07 09:27:07.509940,tf,NFO,39142,294.20,46.55,1701921427,2940990,293.75,,15,15,284.59,,,
2023-12-07 09:27:07.996961,tf,NFO,39142,294.05,46.48,1701921427,,,,,,,,,
2023-12-07 09:27:08.513181,tf,NFO,39142,293.55,46.23,1701921428,2942460,293.30,293.80,,150,,,,
2023-12-07 09:27:09.197736,tf,NFO,39142,294.60,46.75,1701921429,,,,,,,,,
2023-12-07 09:27:09.712714,tf,NFO,39142,294.00,46.45,1701921429,2945145,293.70,294.20,,30,284.60,,,
2023-12-07 09:27:09.998125,tf,NFO,39142,294.60,46.75,1701921429,,,,,,,,,
2023-12-07 09:27:10.717351,tf,NFO,39142,294.35,46.63,1701921430,2949540,294.35,294.85,,60,284.62,,,
2023-12-07 09:27:10.999434,tf,NFO,39142,293.25,46.08,1701921430,,,,,,,,,
2023-12-07 09:27:11.914726,tf,NFO,39142,293.60,46.25,1701921431,2952630,293.40,293.90,60,210,284.63,,,
2023-12-07 09:27:12.002176,tf,NFO,39142,293.90,46.40,1701921431,,,,,,,,,
2023-12-07 09:27:12.918886,tf,NFO,39142,294.05,46.48,1701921432,2953635,294.05,294.55,90,15,,,,
2023-12-07 09:27:13.002240,tf,NFO,39142,294.15,46.53,1701921432,,,,,,,,,
2023-12-07 09:27:13.923251,tf,NFO,39142,294.70,46.80,1701921433,2956350,294.45,294.85,15,,284.64,,,
2023-12-07 09:27:14.002292,tf,NFO,39142,294.40,46.65,1701921433,,,,,,,,,
2023-12-07 09:27:15.002712,tf,NFO,39142,295.75,47.32,1701921434,,,,,,,,,
2023-12-07 09:27:15.126485,tf,NFO,39142,297.00,47.95,1701921435,2959350,296.10,296.70,45,195,284.65,,,
2023-12-07 09:27:15.523510,tf,NFO,39142,296.70,47.80,1701921435,2959980,,296.60,135,30,,,,
2023-12-07 09:27:16.203256,tf,NFO,39142,298.40,48.64,1701921436,,,,,,,,,
2023-12-07 09:27:16.721649,tf,NFO,39142,298.15,48.52,1701921436,2962875,298.50,298.85,240,15,284.66,,,
2023-12-07 09:27:17.004248,tf,NFO,39142,299.00,48.94,1701921436,,,,,,,,,
2023-12-07 09:27:17.725329,tf,NFO,39142,298.75,48.82,1701921437,2967405,298.20,298.80,30,315,284.69,,,
2023-12-07 09:27:18.004781,tf,NFO,39142,297.40,48.14,1701921437,,,,,,,,,
2023-12-07 09:27:18.728768,tf,NFO,39142,297.80,48.34,1701921438,2971725,297.20,297.70,15,120,284.71,,,
2023-12-07 09:27:19.007101,tf,NFO,39142,298.20,48.54,1701921439,,,,,,,,,
2023-12-07 09:27:19.927921,tf,NFO,39142,299.15,49.02,1701921439,2975340,299.20,299.70,30,45,284.72,,,
2023-12-07 09:27:20.008875,tf,NFO,39142,299.10,48.99,1701921440,,,,,,,,,
2023-12-07 09:27:21.007184,tf,NFO,39142,296.85,47.87,1701921441,,,,,,,,,
2023-12-07 09:27:21.128806,tf,NFO,39142,297.45,48.17,1701921441,2981025,297.40,297.75,45,30,284.75,,,
2023-12-07 09:27:21.530739,tf,NFO,39142,297.85,48.37,1701921441,2982210,297.10,297.70,15,60,,,,
2023-12-07 09:27:22.009243,tf,NFO,39142,298.45,48.67,1701921442,,,,,,,,,
2023-12-07 09:27:22.533475,tf,NFO,39142,298.70,48.79,1701921442,2986245,298.30,298.75,90,90,284.77,,,
2023-12-07 09:27:23.011278,tf,NFO,39142,298.75,48.82,1701921443,,,,,,,,,
2023-12-07 09:27:23.731725,tf,NFO,39142,297.30,48.09,1701921443,2989350,296.90,297.40,30,15,284.78,,,
2023-12-07 09:27:24.209595,tf,NFO,39142,296.95,47.92,1701921444,,,,,,,,,
2023-12-07 09:27:24.737501,tf,NFO,39142,296.80,47.85,1701921444,2994180,296.10,296.60,15,,284.80,,,
2023-12-07 09:27:25.212189,tf,NFO,39142,296.20,47.55,1701921445,,,,,,,,,
2023-12-07 09:27:25.536283,tf,NFO,39142,296.90,47.90,1701921445,2995260,296.60,297.00,,,284.81,,,
2023-12-07 09:27:26.214138,tf,NFO,39142,298.00,48.44,1701921446,,,,,,,,,
2023-12-07 09:27:26.537969,tf,NFO,39142,297.20,48.04,1701921446,2998050,297.35,297.80,,30,284.82,,,
2023-12-07 09:27:27.011424,tf,NFO,39142,298.50,48.69,1701921447,,,,,,,,,
2023-12-07 09:27:27.542635,tf,NFO,39142,298.00,48.44,1701921447,2999820,297.45,298.00,,495,284.83,,,
2023-12-07 09:27:28.011628,tf,NFO,39142,298.50,48.69,1701921448,,,,,,,,,
2023-12-07 09:27:28.740962,tf,NFO,39142,297.65,48.27,1701921448,3001965,297.55,,,915,,,,
2023-12-07 09:27:29.013425,tf,NFO,39142,297.00,47.95,1701921449,,,,,,,,,
2023-12-07 09:27:29.941047,tf,NFO,39142,296.30,47.60,1701921449,3003750,295.75,296.10,,495,284.84,,,
2023-12-07 09:27:30.216168,tf,NFO,39142,295.95,47.42,1701921450,,,,,,,,,
2023-12-07 09:27:30.947346,tf,NFO,39142,297.15,48.02,1701921450,3005010,296.25,296.80,240,30,284.85,,,
2023-12-07 09:27:31.014227,tf,NFO,39142,296.40,47.65,1701921451,,,,,,,,,
2023-12-07 09:27:32.148713,tf,NFO,39142,295.50,47.20,1701921452,3006615,295.35,295.85,15,195,,,,
2023-12-07 09:27:32.213465,tf,NFO,39142,295.75,47.32,1701921452,,,,,,,,,
2023-12-07 09:27:32.557027,tf,NFO,39142,295.10,47.00,1701921452,3007245,295.00,295.40,1740,30,,,,
2023-12-07 09:27:33.013958,tf,NFO,39142,294.10,46.50,1701921453,,,,,,,,,
2023-12-07 09:27:33.746418,tf,NFO,39142,295.05,46.97,1701921453,3012825,294.75,295.05,15,120,284.87,,,
2023-12-07 09:27:34.014803,tf,NFO,39142,294.40,46.65,1701921454,,,,,,,,,
2023-12-07 09:27:34.753639,tf,NFO,39142,294.35,46.63,1701921454,3015060,294.25,294.70,,90,284.88,,,
2023-12-07 09:27:35.015776,tf,NFO,39142,293.75,46.33,1701921455,,,,,,,,,
2023-12-07 09:27:35.550900,tf,NFO,39142,293.30,46.10,1701921455,3016065,293.05,293.30,,705,,,,
2023-12-07 09:27:36.215757,tf,NFO,39142,291.15,45.03,1701921456,,,,,,,,,
2023-12-07 09:27:36.553568,tf,NFO,39142,290.85,44.88,1701921456,3020010,290.90,291.35,75,390,284.89,,,
2023-12-07 09:27:37.016221,tf,NFO,39142,290.90,44.91,1701921457,,,,,,,,,
2023-12-07 09:27:37.558812,tf,NFO,39142,291.25,45.08,1701921457,3023160,291.15,291.60,15,75,284.90,,,
2023-12-07 09:27:38.016747,tf,NFO,39142,291.40,45.16,1701921458,,,,,,,,,
2023-12-07 09:27:38.758882,tf,NFO,39142,292.00,45.45,1701921458,3029145,291.55,292.15,135,330,284.91,,,
2023-12-07 09:27:39.017216,tf,NFO,39142,291.80,45.35,1701921459,,,,,,,,,
2023-12-07 09:27:39.959254,tf,NFO,39142,290.30,44.61,1701921459,3030165,290.30,290.80,15,105,,,,
2023-12-07 09:27:41.017410,tf,NFO,39142,291.55,45.23,1701921461,,,,,,,,,
2023-12-07 09:27:41.160666,tf,NFO,39142,292.75,45.83,1701921461,3032055,292.15,292.65,195,30,284.92,,,
2023-12-07 09:27:41.561641,tf,NFO,39142,292.40,45.65,1701921461,3033090,292.05,292.40,45,45,,,,
2023-12-07 09:27:42.018337,tf,NFO,39142,292.55,45.73,1701921462,,,,,,,,,
2023-12-07 09:27:42.566333,tf,NFO,39142,294.00,46.45,1701921462,3034725,293.60,294.00,,420,,,,
2023-12-07 09:27:43.019382,tf,NFO,39142,293.55,46.23,1701921463,,,,,,,,,
2023-12-07 09:27:43.764749,tf,NFO,39142,292.35,45.63,1701921463,3036915,292.35,292.85,15,15,284.93,,,
2023-12-07 09:27:44.020235,tf,NFO,39142,293.00,45.95,1701921464,,,,,,,,,
2023-12-07 09:27:44.768512,tf,NFO,39142,293.25,46.08,1701921464,3039330,292.55,293.05,315,,284.94,,,
2023-12-07 09:27:45.220425,tf,NFO,39142,292.00,45.45,1701921465,,,,,,,,,
2023-12-07 09:27:46.021114,tf,NFO,39142,291.90,45.40,1701921466,,,,,,,,,
2023-12-07 09:27:47.022285,tf,NFO,39142,292.45,45.68,1701921467,,,,,,,,,
2023-12-07 09:27:47.171030,tf,NFO,39142,293.05,45.98,1701921467,3043335,292.70,293.05,30,45,284.95,,,
2023-12-07 09:27:47.576485,tf,NFO,39142,292.40,45.65,1701921467,3043455,291.80,292.30,105,30,,,,
2023-12-07 09:27:48.023300,tf,NFO,39142,291.95,45.43,1701921468,,,,,,,,,
2023-12-07 09:27:48.778118,tf,NFO,39142,291.20,45.06,1701921468,3046695,291.15,291.60,15,15,,,,
2023-12-07 09:27:49.024519,tf,NFO,39142,292.10,45.50,1701921469,,,,,,,,,
2023-12-07 09:27:49.978217,tf,NFO,39142,292.45,45.68,1701921469,3047865,291.95,292.45,,270,284.96,,,
2023-12-07 09:27:50.025127,tf,NFO,39142,291.90,45.40,1701921470,,,,,,,,,
2023-12-07 09:27:51.026169,tf,NFO,39142,293.20,46.05,1701921471,,,,,,,,,
2023-12-07 09:27:51.179270,tf,NFO,39142,293.25,46.08,1701921471,3051555,292.90,293.30,,165,,,,
2023-12-07 09:27:51.579560,tf,NFO,39142,294.35,46.63,1701921471,3051990,294.65,294.95,135,45,284.97,,,
2023-12-07 09:27:52.027377,tf,NFO,39142,294.50,46.70,1701921472,,,,,,,,,
2023-12-07 09:27:52.584479,tf,NFO,39142,295.40,47.15,1701921472,3053250,294.75,295.25,45,15,,,,
2023-12-07 09:27:53.028621,tf,NFO,39142,294.10,46.50,1701921473,,,,,,,,,
2023-12-07 09:27:53.586289,tf,NFO,39142,293.80,46.35,1701921473,3054690,293.25,293.70,15,30,,,,
2023-12-07 09:27:54.028828,tf,NFO,39142,293.20,46.05,1701921474,,,,,,,,,
2023-12-07 09:27:54.784297,tf,NFO,39142,294.25,46.58,1701921474,3057255,294.30,294.75,,15,284.98,,,
2023-12-07 09:27:55.229648,tf,NFO,39142,293.65,46.28,1701921475,,,,,,,,,
2023-12-07 09:27:55.786967,tf,NFO,39142,293.90,46.40,1701921475,3058395,293.75,294.25,,60,284.99,,,
2023-12-07 09:27:56.030546,tf,NFO,39142,294.10,46.50,1701921476,,,,,,,,,
2023-12-07 09:27:56.792930,tf,NFO,39142,293.20,46.05,1701921476,3059175,293.15,293.65,,885,,,,
2023-12-07 09:27:57.031687,tf,NFO,39142,293.10,46.00,1701921477,,,,,,,,,
2023-12-07 09:27:57.994398,tf,NFO,39142,293.75,46.33,1701921477,3060705,293.70,294.00,165,15,,,,
2023-12-07 09:27:59.195771,tf,NFO,39142,294.25,46.58,1701921479,3061935,293.90,294.35,15,,285.00,,,
2023-12-07 09:27:59.595508,tf,NFO,39142,294.45,46.67,1701921479,3062985,293.80,,,210,,,,
2023-12-07 09:28:00.033817,tf,NFO,39142,293.90,46.40,1701921480,,,,,,,,,
2023-12-07 09:28:00.795676,tf,NFO,39142,291.90,45.40,1701921480,3065055,291.50,292.00,,30,,,,
2023-12-07 09:28:01.034294,tf,NFO,39142,291.35,45.13,1701921481,,,,,,,,,
2023-12-07 09:28:01.598014,tf,NFO,39142,288.85,43.89,1701921481,3071355,288.70,289.00,,,285.01,,,
2023-12-07 09:28:02.035686,tf,NFO,39142,288.65,43.79,1701921482,,,,,,,,,
2023-12-07 09:28:02.603343,tf,NFO,39142,289.45,44.18,1701921482,3074325,289.40,289.75,45,15,285.02,,,
2023-12-07 09:28:03.036531,tf,NFO,39142,288.95,43.94,1701921483,,,,,,,,,
2023-12-07 09:28:03.799930,tf,NFO,39142,289.20,44.06,1701921483,3077760,288.80,289.30,30,75,,,,
2023-12-07 09:28:04.037311,tf,NFO,39142,288.95,43.94,1701921484,,,,,,,,,
2023-12-07 09:28:05.002355,tf,NFO,39142,288.45,43.69,1701921484,3080955,287.80,288.30,15,15,285.03,,,
2023-12-07 09:28:05.237980,tf,NFO,39142,288.75,43.84,1701921485,,,,,,,,,
2023-12-07 09:28:06.042052,tf,NFO,39142,288.40,43.66,1701921486,3082080,288.15,288.35,90,,,,,
2023-12-07 09:28:06.043595,tf,NFO,39142,288.20,43.56,1701921486,,,,,,,,,
2023-12-07 09:28:07.039406,tf,NFO,39142,287.75,43.34,1701921487,,,,,,,,,
2023-12-07 09:28:07.208084,tf,NFO,39142,287.70,43.31,1701921487,3083490,287.20,287.70,30,180,,,,
2023-12-07 09:28:07.606911,tf,NFO,39142,288.25,43.59,1701921487,3084270,287.45,287.85,15,60,,,,
2023-12-07 09:28:08.239955,tf,NFO,39142,287.30,43.11,1701921488,,,,,,,,,
2023-12-07 09:28:08.612506,tf,NFO,39142,287.50,43.21,1701921488,3087345,287.05,287.50,,870,,,,
2023-12-07 09:28:09.040137,tf,NFO,39142,287.30,43.11,1701921489,,,,,,,,,
2023-12-07 09:28:09.812501,tf,NFO,39142,287.15,43.04,1701921489,3089685,286.95,287.15,,150,,,,
2023-12-07 09:28:11.014333,tf,NFO,39142,287.65,43.29,1701921491,3092190,287.10,287.45,90,15,,,,
2023-12-07 09:28:12.020209,tf,NFO,39142,290.55,44.73,1701921492,3094170,290.70,291.15,30,180,285.04,,,
2023-12-07 09:28:12.042345,tf,NFO,39142,291.25,45.08,1701921492,,,,,,,,,
2023-12-07 09:28:13.043573,tf,NFO,39142,291.80,45.35,1701921493,,,,,,,,,
2023-12-07 09:28:13.218304,tf,NFO,39142,292.00,45.45,1701921493,3095475,292.05,292.55,,90,,,,
2023-12-07 09:28:13.617678,tf,NFO,39142,292.20,45.55,1701921493,3095640,292.15,292.60,210,15,,,,
2023-12-07 09:28:14.044485,tf,NFO,39142,292.90,45.90,1701921494,,,,,,,,,
2023-12-07 09:28:14.622627,tf,NFO,39142,292.15,45.53,1701921494,3096420,291.40,291.80,15,975,,,,
2023-12-07 09:28:15.044638,tf,NFO,39142,292.50,45.70,1701921495,,,,,,,,,
2023-12-07 09:28:15.822873,tf,NFO,39142,292.10,45.50,1701921495,3099120,292.10,292.50,270,210,285.05,,,
2023-12-07 09:28:16.827090,tf,NFO,39142,294.45,46.67,1701921496,3102390,294.05,294.45,30,15,285.06,,,
2023-12-07 09:28:18.027104,tf,NFO,39142,294.00,46.45,1701921498,3104205,293.50,293.95,15,135,,,,
2023-12-07 09:28:18.045949,tf,NFO,39142,293.25,46.08,1701921498,,,,,,,,,
2023-12-07 09:28:19.047034,tf,NFO,39142,293.55,46.23,1701921499,,,,,,,,,
2023-12-07 09:28:19.227150,tf,NFO,39142,293.60,46.25,1701921499,3107505,293.10,293.60,,405,285.07,,,
2023-12-07 09:28:19.627556,tf,NFO,39142,293.25,46.08,1701921499,3107670,292.90,293.40,30,375,,,,
2023-12-07 09:28:20.048131,tf,NFO,39142,293.15,46.03,1701921500,,,,,,,,,
2023-12-07 09:28:20.629612,tf,NFO,39142,293.20,46.05,1701921500,3109080,292.80,293.20,15,15,285.08,,,
2023-12-07 09:28:21.048500,tf,NFO,39142,292.30,45.60,1701921501,,,,,,,,,
2023-12-07 09:28:21.632947,tf,NFO,39142,292.50,45.70,1701921501,3110880,292.20,292.65,60,,,,,
2023-12-07 09:28:22.247905,tf,NFO,39142,293.05,45.98,1701921502,,,,,,,,,
2023-12-07 09:28:23.048401,tf,NFO,39142,293.15,46.03,1701921503,,,,,,,,,
2023-12-07 09:28:23.838912,tf,NFO,39142,292.85,45.88,1701921503,3115515,292.35,292.85,,45,,,,
2023-12-07 09:28:24.049354,tf,NFO,39142,295.00,46.95,1701921504,,,,,,,,,
2023-12-07 09:28:25.039261,tf,NFO,39142,294.25,46.58,1701921505,3119370,294.00,294.55,15,15,285.10,,,
2023-12-07 09:28:25.050129,tf,NFO,39142,294.60,46.75,1701921505,,,,,,,,,
2023-12-07 09:28:26.050941,tf,NFO,39142,293.40,46.15,1701921506,,,,,,,,,
2023-12-07 09:28:26.238814,tf,NFO,39142,293.30,46.10,1701921506,3121170,292.85,293.35,105,30,285.11,,,
2023-12-07 09:28:26.639260,tf,NFO,39142,292.75,45.83,1701921506,3121845,292.60,293.05,15,15,,,,
2023-12-07 09:28:27.051178,tf,NFO,39142,294.00,46.45,1701921507,,,,,,,,,
2023-12-07 09:28:27.641877,tf,NFO,39142,294.70,46.80,1701921507,3122790,294.35,294.75,,165,,,,
2023-12-07 09:28:28.052158,tf,NFO,39142,294.00,46.45,1701921508,,,,,,,,,
2023-12-07 09:28:28.645763,tf,NFO,39142,294.45,46.67,1701921508,3124365,294.05,294.50,180,15,285.12,,,
2023-12-07 09:28:29.052068,tf,NFO,39142,294.00,46.45,1701921509,,,,,,,,,
2023-12-07 09:28:29.843926,tf,NFO,39142,293.70,46.30,1701921509,3126600,293.55,294.05,15,30,,,,
2023-12-07 09:28:30.252518,tf,NFO,39142,293.80,46.35,1701921510,,,,,,,,,
2023-12-07 09:28:30.850041,tf,NFO,39142,294.35,46.63,1701921510,3129495,293.75,294.30,300,15,285.13,,,
2023-12-07 09:28:31.052908,tf,NFO,39142,294.20,46.55,1701921511,,,,,,,,,
2023-12-07 09:28:32.050922,tf,NFO,39142,293.25,46.08,1701921512,3130575,292.70,293.15,15,45,285.14,,,
2023-12-07 09:28:33.053800,tf,NFO,39142,293.45,46.18,1701921513,,,,,,,,,
2023-12-07 09:28:33.252443,tf,NFO,39142,293.55,46.23,1701921513,3132495,293.20,293.55,30,105,,,,
2023-12-07 09:28:33.652425,tf,NFO,39142,293.15,46.03,1701921513,3132765,293.45,293.65,90,30,,,,
2023-12-07 09:28:34.254134,tf,NFO,39142,293.60,46.25,1701921514,,,,,,,,,
2023-12-07 09:28:34.654660,tf,NFO,39142,294.25,46.58,1701921514,3134130,293.80,294.30,30,15,,,,
2023-12-07 09:28:35.054940,tf,NFO,39142,295.00,46.95,1701921515,,,,,,,,,
2023-12-07 09:28:35.853530,tf,NFO,39142,296.60,47.75,1701921515,3138885,296.55,297.00,150,1095,285.16,,,
2023-12-07 09:28:36.054763,tf,NFO,39142,296.95,47.92,1701921516,,,,,,,,,
2023-12-07 09:28:36.859245,tf,NFO,39142,297.05,47.97,1701921516,3140655,297.10,297.65,75,15,285.17,,,
2023-12-07 09:28:37.055437,tf,NFO,39142,297.85,48.37,1701921517,,,,,,,,,
2023-12-07 09:28:37.658530,tf,NFO,39142,298.70,48.79,1701921517,3144480,297.60,298.15,105,,285.18,,,
2023-12-07 09:28:38.056868,tf,NFO,39142,298.15,48.52,1701921518,,,,,,,,,
2023-12-07 09:28:38.660459,tf,NFO,39142,295.85,47.37,1701921518,3146340,295.85,296.30,75,30,285.19,,,
2023-12-07 09:28:39.057543,tf,NFO,39142,296.20,47.55,1701921519,,,,,,,,,
2023-12-07 09:28:39.665059,tf,NFO,39142,297.50,48.19,1701921519,3152790,297.00,297.60,525,45,285.21,,,
2023-12-07 09:28:40.258123,tf,NFO,39142,297.40,48.14,1701921520,,,,,,,,,
2023-12-07 09:28:40.862402,tf,NFO,39142,296.50,47.70,1701921520,3154545,296.45,296.95,15,240,285.22,,,
2023-12-07 09:28:41.059082,tf,NFO,39142,296.30,47.60,1701921521,,,,,,,,,
2023-12-07 09:28:41.865502,tf,NFO,39142,295.55,47.22,1701921521,3155580,295.20,295.75,195,45,,,,
2023-12-07 09:28:42.059696,tf,NFO,39142,295.50,47.20,1701921522,,,,,,,,,
2023-12-07 09:28:42.870431,tf,NFO,39142,297.05,47.97,1701921522,3156555,296.60,297.05,30,135,,,,
2023-12-07 09:28:43.061054,tf,NFO,39142,297.30,48.09,1701921523,,,,,,,,,
2023-12-07 09:28:44.061821,tf,NFO,39142,297.40,48.14,1701921524,,,,,,,,,
2023-12-07 09:28:45.062409,tf,NFO,39142,296.05,47.47,1701921525,,,,,,,,,
2023-12-07 09:28:45.271251,tf,NFO,39142,297.15,48.02,1701921525,3160425,297.30,297.80,90,15,285.24,,,
2023-12-07 09:28:45.669781,tf,NFO,39142,296.40,47.65,1701921525,3160995,296.30,296.75,120,,,,,
2023-12-07 09:28:46.263036,tf,NFO,39142,295.35,47.12,1701921526,,,,,,,,,
2023-12-07 09:28:46.675146,tf,NFO,39142,295.55,47.22,1701921526,3162030,295.10,295.55,45,30,,,,
2023-12-07 09:28:47.064029,tf,NFO,39142,296.15,47.52,1701921527,,,,,,,,,
2023-12-07 09:28:47.672519,tf,NFO,39142,296.70,47.80,1701921527,3164220,296.45,296.95,60,315,285.25,,,
2023-12-07 09:28:48.064737,tf,NFO,39142,296.80,47.85,1701921528,,,,,,,,,
2023-12-07 09:28:48.676785,tf,NFO,39142,297.85,48.37,1701921528,3169305,297.25,297.75,45,30,285.27,,,
2023-12-07 09:28:49.065330,tf,NFO,39142,297.75,48.32,1701921529,,,,,,,,,
2023-12-07 09:28:49.874964,tf,NFO,39142,298.65,48.77,1701921529,3171510,298.25,298.70,90,15,285.28,,,
2023-12-07 09:28:50.066695,tf,NFO,39142,298.60,48.74,1701921530,,,,,,,,,
2023-12-07 09:28:50.879777,tf,NFO,39142,298.65,48.77,1701921530,3176835,298.15,298.65,,150,285.30,,,
2023-12-07 09:28:51.067475,tf,NFO,39142,298.50,48.69,1701921531,,,,,,,,,
2023-12-07 09:28:52.081171,tf,NFO,39142,297.80,48.34,1701921532,3179865,297.80,298.30,15,120,285.31,,,
2023-12-07 09:28:52.267916,tf,NFO,39142,298.35,48.62,1701921532,,,,,,,,,
2023-12-07 09:28:52.680900,tf,NFO,39142,298.00,48.44,1701921532,3180900,298.05,298.50,,15,285.32,,,
2023-12-07 09:28:53.068761,tf,NFO,39142,297.05,47.97,1701921533,,,,,,,,,
2023-12-07 09:28:53.685826,tf,NFO,39142,296.00,47.45,1701921533,3183885,295.85,296.35,,30,285.33,,,
2023-12-07 09:28:54.069219,tf,NFO,39142,295.25,47.07,1701921534,,,,,,,,,
2023-12-07 09:28:54.886390,tf,NFO,39142,295.30,47.10,1701921534,3189420,295.40,295.60,105,,285.35,,,
2023-12-07 09:28:55.070051,tf,NFO,39142,295.65,47.27,1701921535,,,,,,,,,
2023-12-07 09:28:56.071012,tf,NFO,39142,297.45,48.17,1701921536,,,,,,,,,
2023-12-07 09:28:57.071478,tf,NFO,39142,298.00,48.44,1701921537,,,,,,,,,
2023-12-07 09:28:57.286908,tf,NFO,39142,298.45,48.67,1701921537,3194265,298.00,298.50,,15,285.36,,,
2023-12-07 09:28:57.687150,tf,NFO,39142,298.35,48.62,1701921537,3194670,297.90,298.35,30,30,,,,
2023-12-07 09:28:58.271441,tf,NFO,39142,298.00,48.44,1701921538,,,,,,,,,
2023-12-07 09:28:58.691881,tf,NFO,39142,299.60,49.24,1701921538,3205530,299.60,300.00,60,15,285.41,,,
2023-12-07 09:28:59.072165,tf,NFO,39142,297.95,48.42,1701921539,,,,,,,,,
2023-12-07 09:28:59.891941,tf,NFO,39142,298.60,48.74,1701921539,3209670,298.50,299.00,15,195,285.43,,,
2023-12-07 09:29:00.073452,tf,NFO,39142,298.20,48.54,1701921540,,,,,,,,,
2023-12-07 09:29:00.897786,tf,NFO,39142,295.45,47.17,1701921540,3213660,295.30,295.80,90,165,285.44,,,
2023-12-07 09:29:01.073906,tf,NFO,39142,294.85,46.87,1701921541,,,,,,,,,
2023-12-07 09:29:02.074730,tf,NFO,39142,296.95,47.92,1701921542,,,,,,,,,
2023-12-07 09:29:03.275013,tf,NFO,39142,296.15,47.52,1701921543,,,,,,,,,
2023-12-07 09:29:03.699226,tf,NFO,39142,297.00,47.95,1701921543,3220500,296.75,297.30,45,150,,,,
2023-12-07 09:29:04.075293,tf,NFO,39142,297.55,48.22,1701921544,,,,,,,,,
2023-12-07 09:29:04.703359,tf,NFO,39142,295.85,47.37,1701921544,3221685,295.40,295.90,15,15,285.47,,,
2023-12-07 09:29:05.076502,tf,NFO,39142,295.40,47.15,1701921545,,,,,,,,,
2023-12-07 09:29:05.903024,tf,NFO,39142,295.00,46.95,1701921545,3224730,294.50,294.85,,,285.48,,,
2023-12-07 09:29:06.276792,tf,NFO,39142,295.10,47.00,1701921546,,,,,,,,,
2023-12-07 09:29:07.077114,tf,NFO,39142,295.60,47.25,1701921547,,,,,,,,,
2023-12-07 09:29:07.103681,tf,NFO,39142,295.50,47.20,1701921547,3228300,295.20,295.55,30,555,285.49,,,
2023-12-07 09:29:07.704789,tf,NFO,39142,296.95,47.92,1701921547,3230070,297.15,297.60,,15,,,,
2023-12-07 09:29:08.077790,tf,NFO,39142,297.50,48.19,1701921548,,,,,,,,,
2023-12-07 09:29:08.706969,tf,NFO,39142,298.50,48.69,1701921548,3233145,298.45,298.90,,,285.51,,,
2023-12-07 09:29:09.277931,tf,NFO,39142,298.20,48.54,1701921549,,,,,,,,,
2023-12-07 09:29:09.710928,tf,NFO,39142,296.35,47.62,1701921549,3234330,296.40,296.85,15,150,,,,
2023-12-07 09:29:10.078545,tf,NFO,39142,295.90,47.40,1701921550,,,,,,,,,
2023-12-07 09:29:10.910894,tf,NFO,39142,297.15,48.02,1701921550,3237615,296.70,297.00,,30,285.52,,,
2023-12-07 09:29:11.078760,tf,NFO,39142,297.35,48.12,1701921551,,,,,,,,,
2023-12-07 09:29:12.079974,tf,NFO,39142,296.40,47.65,1701921552,,,,,,,,,
2023-12-07 09:29:12.109399,tf,NFO,39142,296.50,47.70,1701921552,3239730,296.20,296.55,,1005,285.53,,,
2023-12-07 09:29:13.080080,tf,NFO,39142,296.70,47.80,1701921553,,,,,,,,,
2023-12-07 09:29:13.114023,tf,NFO,39142,296.40,47.65,1701921553,3241935,296.45,296.95,,210,285.54,,,
2023-12-07 09:29:14.080457,tf,NFO,39142,297.65,48.27,1701921554,,,,,,,,,
2023-12-07 09:29:14.313425,tf,NFO,39142,296.80,47.85,1701921554,3243930,297.00,297.50,,180,,,,
2023-12-07 09:29:14.713950,tf,NFO,39142,296.15,47.52,1701921554,3244200,295.70,296.15,75,1245,,,,
2023-12-07 09:29:15.080989,tf,NFO,39142,295.25,47.07,1701921555,,,,,,,,,
2023-12-07 09:29:15.716884,tf,NFO,39142,295.55,47.22,1701921555,3245115,295.30,295.80,360,15,285.55,,,
2023-12-07 09:29:16.081352,tf,NFO,39142,295.00,46.95,1701921556,,,,,,,,,
2023-12-07 09:29:16.721104,tf,NFO,39142,294.55,46.72,1701921556,3247785,294.50,294.85,15,30,285.56,,,
2023-12-07 09:29:17.081892,tf,NFO,39142,295.60,47.25,1701921557,,,,,,,,,
2023-12-07 09:29:17.718856,tf,NFO,39142,296.35,47.62,1701921557,3250320,295.95,296.40,30,195,,,,
2023-12-07 09:29:18.281605,tf,NFO,39142,295.70,47.30,1701921558,,,,,,,,,
2023-12-07 09:29:18.722804,tf,NFO,39142,295.25,47.07,1701921558,3250935,295.35,295.80,15,240,,,,
2023-12-07 09:29:19.082026,tf,NFO,39142,295.40,47.15,1701921559,,,,,,,,,
2023-12-07 09:29:19.923685,tf,NFO,39142,297.15,48.02,1701921559,3252165,296.30,296.85,30,75,285.57,,,
2023-12-07 09:29:20.083929,tf,NFO,39142,295.95,47.42,1701921560,,,,,,,,,
2023-12-07 09:29:21.083927,tf,NFO,39142,294.25,46.58,1701921561,,,,,,,,,
2023-12-07 09:29:22.084949,tf,NFO,39142,294.90,46.90,1701921562,,,,,,,,,
2023-12-07 09:29:23.085770,tf,NFO,39142,294.45,46.67,1701921563,,,,,,,,,
2023-12-07 09:29:23.328855,tf,NFO,39142,293.70,46.30,1701921563,3260310,293.60,294.10,195,255,285.59,,,
2023-12-07 09:29:23.730009,tf,NFO,39142,293.10,46.00,1701921563,3261285,293.00,293.40,315,375,,,,
2023-12-07 09:29:24.087305,tf,NFO,39142,293.40,46.15,1701921564,,,,,,,,,
2023-12-07 09:29:24.733833,tf,NFO,39142,293.05,45.98,1701921564,3263685,,293.15,675,255,285.60,,,
2023-12-07 09:29:25.087428,tf,NFO,39142,293.10,46.00,1701921565,,,,,,,,,
2023-12-07 09:29:25.933870,tf,NFO,39142,291.85,45.38,1701921565,3266040,291.65,291.85,45,75,,,,
2023-12-07 09:29:27.134154,tf,NFO,39142,292.20,45.55,1701921567,3268965,291.55,292.05,105,15,285.61,,,
2023-12-07 09:29:27.289160,tf,NFO,39142,291.30,45.11,1701921567,,,,,,,,,
2023-12-07 09:29:28.089872,tf,NFO,39142,292.50,45.70,1701921568,,,,,,,,,
2023-12-07 09:29:28.334381,tf,NFO,39142,292.00,45.45,1701921568,3273510,292.00,292.55,90,30,285.62,,,
2023-12-07 09:29:28.734788,tf,NFO,39142,292.15,45.53,1701921568,3273675,291.80,292.25,15,225,,,,
2023-12-07 09:29:29.091051,tf,NFO,39142,292.00,45.45,1701921569,,,,,,,788970,,
2023-12-07 09:29:29.736427,tf,NFO,39142,291.80,45.35,1701921569,3277500,291.35,291.75,,30,285.63,,,
2023-12-07 09:29:30.091766,tf,NFO,39142,290.40,44.66,1701921570,,,,,,,,,
2023-12-07 09:29:30.740146,tf,NFO,39142,290.80,44.86,1701921570,3279255,290.30,290.80,30,135,,,,
2023-12-07 09:29:31.292075,tf,NFO,39142,291.90,45.40,1701921571,,,,,,,,,
2023-12-07 09:29:31.744915,tf,NFO,39142,291.80,45.35,1701921571,3280395,291.30,291.65,15,105,,,,
2023-12-07 09:29:32.092628,tf,NFO,39142,291.25,45.08,1701921572,,,,,,,,,
2023-12-07 09:29:32.942360,tf,NFO,39142,290.10,44.51,1701921572,3281895,290.30,290.80,75,15,,,,
2023-12-07 09:29:33.092844,tf,NFO,39142,290.70,44.81,1701921573,,,,,,,,,
2023-12-07 09:29:34.093965,tf,NFO,39142,294.70,46.80,1701921574,,,,,,,,,
2023-12-07 09:29:34.143355,tf,NFO,39142,294.60,46.75,1701921574,3287115,294.50,294.95,210,,285.64,,,
2023-12-07 09:29:35.094224,tf,NFO,39142,295.30,47.10,1701921575,,,,,,,,,
2023-12-07 09:29:35.150338,tf,NFO,39142,295.60,47.25,1701921575,3288690,295.70,296.00,30,195,285.65,,,
2023-12-07 09:29:36.295244,tf,NFO,39142,296.60,47.75,1701921576,,,,,,,,,
2023-12-07 09:29:36.749950,tf,NFO,39142,295.45,47.17,1701921576,3291195,295.35,295.85,120,15,,,,
2023-12-07 09:29:37.095484,tf,NFO,39142,295.35,47.12,1701921577,,,,,,,,,
2023-12-07 09:29:37.951971,tf,NFO,39142,296.85,47.87,1701921577,3294075,296.70,297.00,15,,285.66,,,
2023-12-07 09:29:38.096428,tf,NFO,39142,296.30,47.60,1701921578,,,,,,,,,
2023-12-07 09:29:38.751567,tf,NFO,39142,293.55,46.23,1701921578,3295140,293.30,293.55,,240,285.67,,,
2023-12-07 09:29:39.097130,tf,NFO,39142,293.70,46.30,1701921579,,,,,,,,,
2023-12-07 09:29:39.756119,tf,NFO,39142,295.00,46.95,1701921579,3296400,294.85,295.20,105,90,,,,
2023-12-07 09:29:40.098270,tf,NFO,39142,293.95,46.43,1701921580,,,,,,,,,
2023-12-07 09:29:40.758711,tf,NFO,39142,294.45,46.67,1701921580,3296805,293.95,294.45,15,45,,,,
2023-12-07 09:29:41.098818,tf,NFO,39142,294.10,46.50,1701921581,,,,,,,,,
2023-12-07 09:29:41.956720,tf,NFO,39142,292.50,45.70,1701921581,3298950,292.50,293.00,210,270,285.68,,,
2023-12-07 09:29:43.100501,tf,NFO,39142,294.00,46.45,1701921583,,,,,,,,,
2023-12-07 09:29:43.157713,tf,NFO,39142,293.90,46.40,1701921583,3301545,293.50,293.95,30,15,,,,
2023-12-07 09:29:44.100818,tf,NFO,39142,294.40,46.65,1701921584,,,,,,,,,
2023-12-07 09:29:44.163559,tf,NFO,39142,295.55,47.22,1701921584,3302925,294.95,295.45,90,,285.69,,,
2023-12-07 09:29:45.101196,tf,NFO,39142,293.90,46.40,1701921585,,,,,,,,,
2023-12-07 09:29:45.363462,tf,NFO,39142,293.10,46.00,1701921585,3305145,293.15,293.60,15,330,,,,
2023-12-07 09:29:45.763914,tf,NFO,39142,291.40,45.16,1701921585,3306420,291.25,291.65,180,90,,,,
2023-12-07 09:29:46.102152,tf,NFO,39142,291.95,45.43,1701921586,,,,,,,,,
2023-12-07 09:29:46.963937,tf,NFO,39142,292.30,45.60,1701921586,3308190,291.85,292.25,15,30,285.70,,,
2023-12-07 09:29:47.103694,tf,NFO,39142,291.60,45.26,1701921587,,,,,,,,,
2023-12-07 09:29:47.968702,tf,NFO,39142,291.25,45.08,1701921587,3309885,291.10,291.50,30,,,,,
2023-12-07 09:29:48.303301,tf,NFO,39142,292.25,45.58,1701921588,,,,,,,,,
2023-12-07 09:29:48.972102,tf,NFO,39142,293.95,46.43,1701921588,3313980,293.45,293.90,45,45,285.71,,,
2023-12-07 09:29:50.104467,tf,NFO,39142,292.60,45.75,1701921590,,,,,,,,,
2023-12-07 09:29:51.104820,tf,NFO,39142,293.75,46.33,1701921591,,,,,,,,,
2023-12-07 09:29:51.371745,tf,NFO,39142,294.55,46.72,1701921591,3318030,294.65,295.00,30,225,285.72,,,
2023-12-07 09:29:51.772293,tf,NFO,39142,294.10,46.50,1701921591,3319215,293.60,294.20,195,105,,,,
2023-12-07 09:29:52.106532,tf,NFO,39142,294.00,46.45,1701921592,,,,,,,,,
2023-12-07 09:29:52.777907,tf,NFO,39142,293.80,46.35,1701921592,3320760,293.35,293.80,15,45,285.73,,,
2023-12-07 09:29:53.106934,tf,NFO,39142,294.70,46.80,1701921593,,,,,,,,,
2023-12-07 09:29:53.977987,tf,NFO,39142,294.95,46.92,1701921593,3321870,294.90,295.40,30,15,,,,
2023-12-07 09:29:54.307115,tf,NFO,39142,295.70,47.30,1701921594,,,,,,,,,
2023-12-07 09:29:54.981536,tf,NFO,39142,296.00,47.45,1701921594,3323130,295.75,296.00,,390,,,,
2023-12-07 09:29:55.106969,tf,NFO,39142,295.80,47.35,1701921595,,,,,,,,,
2023-12-07 09:29:56.108112,tf,NFO,39142,296.30,47.60,1701921596,,,,,,,,,
2023-12-07 09:29:56.182620,tf,NFO,39142,296.05,47.47,1701921596,3325500,295.80,296.35,15,120,285.74,,,
2023-12-07 09:29:57.307880,tf,NFO,39142,295.50,47.20,1701921597,,,,,,,,,
2023-12-07 09:29:57.383708,tf,NFO,39142,295.80,47.35,1701921597,3327375,295.35,295.80,,15,285.75,,,
2023-12-07 09:29:57.782889,tf,NFO,39142,295.10,47.00,1701921597,3328410,294.70,295.10,195,90,,,,
2023-12-07 09:29:58.108937,tf,NFO,39142,296.15,47.52,1701921598,,,,,,,,,
2023-12-07 09:29:58.787507,tf,NFO,39142,297.30,48.09,1701921598,3330630,297.10,297.65,465,15,285.76,,,
2023-12-07 09:29:59.109414,tf,NFO,39142,297.40,48.14,1701921599,,,,,,,,,
2023-12-07 09:29:59.986364,tf,NFO,39142,298.30,48.59,1701921599,3332700,297.80,298.30,15,270,285.77,,,
2023-12-07 09:30:00.110236,tf,NFO,39142,297.00,47.95,1701921600,,,,,,,,,
2023-12-07 09:30:01.111242,tf,NFO,39142,296.60,47.75,1701921601,,,,,,,,,
2023-12-07 09:30:01.188285,tf,NFO,39142,295.75,47.32,1701921601,3338805,295.10,295.25,30,45,285.79,,,
2023-12-07 09:30:02.188981,tf,NFO,39142,294.00,46.45,1701921602,3342450,293.75,293.85,15,,285.80,,,
2023-12-07 09:30:02.310961,tf,NFO,39142,294.05,46.48,1701921602,,,,,,,,,
2023-12-07 09:30:03.112075,tf,NFO,39142,293.10,46.00,1701921603,,,,,,,,,
2023-12-07 09:30:03.791179,tf,NFO,39142,293.20,46.05,1701921603,3355560,293.25,293.65,15,,285.82,,,
2023-12-07 09:30:04.113322,tf,NFO,39142,293.15,46.03,1701921604,,,,,,,,,
2023-12-07 09:30:04.794325,tf,NFO,39142,292.30,45.60,1701921604,3357645,292.20,292.70,195,45,285.83,,,
2023-12-07 09:30:05.312312,tf,NFO,39142,291.00,44.96,1701921605,,,,,,,,,
2023-12-07 09:30:05.993917,tf,NFO,39142,290.80,44.86,1701921605,3361335,290.70,291.15,300,15,,,,
2023-12-07 09:30:06.112408,tf,NFO,39142,290.70,44.81,1701921606,,,,,,,,,
2023-12-07 09:30:06.999781,tf,NFO,39142,289.60,44.26,1701921606,3373065,289.55,290.15,30,60,285.85,,,
2023-12-07 09:30:07.113371,tf,NFO,39142,289.15,44.03,1701921607,,,,,,,,,
2023-12-07 09:30:08.200684,tf,NFO,39142,288.10,43.51,1701921608,3377115,288.10,288.55,255,15,,,,
2023-12-07 09:30:08.313438,tf,NFO,39142,287.95,43.44,1701921608,,,,,,,,,
2023-12-07 09:30:09.113543,tf,NFO,39142,288.45,43.69,1701921609,,,,,,,,,
2023-12-07 09:30:09.400993,tf,NFO,39142,287.85,43.39,1701921609,3380880,287.75,288.25,30,,,,,
2023-12-07 09:30:09.800891,tf,NFO,39142,288.30,43.61,1701921609,3381690,287.95,288.55,90,105,,,,
2023-12-07 09:30:10.115003,tf,NFO,39142,287.80,43.36,1701921610,,,,,,,,,
2023-12-07 09:30:10.805102,tf,NFO,39142,288.90,43.91,1701921610,3384645,288.90,289.35,45,15,285.86,,,
2023-12-07 09:30:11.316188,tf,NFO,39142,290.55,44.73,1701921611,,,,,,,,,
2023-12-07 09:30:12.008709,tf,NFO,39142,290.80,44.86,1701921612,3388050,291.40,291.90,15,45,,,,
2023-12-07 09:30:12.116357,tf,NFO,39142,292.45,45.68,1701921612,,,,,,,,,
2023-12-07 09:30:13.117689,tf,NFO,39142,291.00,44.96,1701921613,,,,,,,,,
2023-12-07 09:30:13.205553,tf,NFO,39142,291.45,45.18,1701921613,3391260,291.80,292.20,60,105,285.87,,,
2023-12-07 09:30:14.118024,tf,NFO,39142,292.05,45.48,1701921614,,,,,,,,,
2023-12-07 09:30:14.211923,tf,NFO,39142,292.15,45.53,1701921614,3393090,291.70,292.15,30,60,,,,
2023-12-07 09:30:15.319176,tf,NFO,39142,292.60,45.75,1701921615,,,,,,,,,
2023-12-07 09:30:15.410071,tf,NFO,39142,292.45,45.68,1701921615,3396750,292.10,292.55,,45,285.88,,,
2023-12-07 09:30:15.810727,tf,NFO,39142,292.70,45.80,1701921615,3397110,292.80,293.25,,60,,,,
2023-12-07 09:30:16.119189,tf,NFO,39142,294.55,46.72,1701921616,,,,,,,,,
2023-12-07 09:30:16.814726,tf,NFO,39142,294.40,46.65,1701921616,3400305,294.45,294.80,15,15,285.89,,,
2023-12-07 09:30:17.122532,tf,NFO,39142,296.20,47.55,1701921617,,,,,,,,,
2023-12-07 09:30:17.817734,tf,NFO,39142,296.70,47.80,1701921617,3402270,296.30,296.70,30,90,,,,
2023-12-07 09:30:18.123006,tf,NFO,39142,295.75,47.32,1701921618,,,,,,,,,
2023-12-07 09:30:19.017105,tf,NFO,39142,295.70,47.30,1701921619,3406395,295.60,296.05,15,15,285.90,,,
2023-12-07 09:30:19.122665,tf,NFO,39142,295.05,46.97,1701921619,,,,,,,,,
2023-12-07 09:30:20.020989,tf,NFO,39142,295.15,47.02,1701921620,3407760,295.10,295.45,30,,285.91,,,
2023-12-07 09:30:20.124800,tf,NFO,39142,295.75,47.32,1701921620,,,,,,,,,
2023-12-07 09:30:21.023653,tf,NFO,39142,296.55,47.72,1701921621,3410055,296.15,296.55,90,45,,,,
2023-12-07 09:30:22.125027,tf,NFO,39142,297.05,47.97,1701921622,,,,,,,,,
2023-12-07 09:30:22.222495,tf,NFO,39142,297.30,48.09,1701921622,3412350,297.15,297.60,105,15,285.92,,,
2023-12-07 09:30:23.325619,tf,NFO,39142,296.10,47.50,1701921623,,,,,,,,,
2023-12-07 09:30:23.423145,tf,NFO,39142,295.75,47.32,1701921623,3414975,295.90,296.35,15,,285.93,,,
2023-12-07 09:30:23.823741,tf,NFO,39142,295.60,47.25,1701921623,3415560,295.60,296.20,360,45,,,,
2023-12-07 09:30:24.126563,tf,NFO,39142,295.95,47.42,1701921624,,,,,,,,,
2023-12-07 09:30:24.825601,tf,NFO,39142,296.15,47.52,1701921624,3419115,296.10,296.45,60,90,285.94,,,
2023-12-07 09:30:25.128252,tf,NFO,39142,296.10,47.50,1701921625,,,,,,,,,
2023-12-07 09:30:25.828382,tf,NFO,39142,295.50,47.20,1701921625,3420465,294.90,295.35,120,15,285.95,,,
2023-12-07 09:30:26.128691,tf,NFO,39142,295.60,47.25,1701921626,,,,,,,,,
2023-12-07 09:30:27.130366,tf,NFO,39142,296.00,47.45,1701921627,,,,,,,,,
2023-12-07 09:30:28.031763,tf,NFO,39142,296.05,47.47,1701921628,3423840,295.80,296.40,60,,285.96,,,
2023-12-07 09:30:28.130180,tf,NFO,39142,295.30,47.10,1701921628,,,,,,,,,
2023-12-07 09:30:29.130301,tf,NFO,39142,296.40,47.65,1701921629,,,,,,,,,
2023-12-07 09:30:29.232738,tf,NFO,39142,296.60,47.75,1701921629,3425580,295.50,295.95,405,15,,,,
2023-12-07 09:30:30.333248,tf,NFO,39142,296.50,47.70,1701921630,,,,,,,,,
2023-12-07 09:30:30.433088,tf,NFO,39142,297.30,48.09,1701921630,3430035,295.90,296.35,30,30,285.97,,,
2023-12-07 09:30:30.833552,tf,NFO,39142,296.00,47.45,1701921630,3430485,296.10,296.60,,105,,,,
2023-12-07 09:30:31.132092,tf,NFO,39142,296.95,47.92,1701921631,,,,,,,,,
2023-12-07 09:30:31.836153,tf,NFO,39142,297.50,48.19,1701921631,3434520,297.50,297.85,,30,285.99,,,
2023-12-07 09:30:32.133222,tf,NFO,39142,297.25,48.07,1701921632,,,,,,,,,
2023-12-07 09:30:32.839554,tf,NFO,39142,296.65,47.77,1701921632,3438090,296.90,297.40,,15,286.00,,,
2023-12-07 09:30:33.133722,tf,NFO,39142,296.70,47.80,1701921633,,,,,,,,,
2023-12-07 09:30:34.039026,tf,NFO,39142,295.15,47.02,1701921634,3440955,295.15,295.65,255,45,286.01,,,
2023-12-07 09:30:34.134680,tf,NFO,39142,295.55,47.22,1701921634,,,,,,,,,
2023-12-07 09:30:35.044129,tf,NFO,39142,293.35,46.13,1701921635,3443220,293.40,293.85,15,60,,,,
2023-12-07 09:30:35.135517,tf,NFO,39142,293.90,46.40,1701921635,,,,,,,,,
2023-12-07 09:30:36.241375,tf,NFO,39142,294.55,46.72,1701921636,3451395,294.00,294.55,210,,286.03,,,
2023-12-07 09:30:37.136992,tf,NFO,39142,294.50,46.70,1701921637,,,,,,,,,
2023-12-07 09:30:38.337365,tf,NFO,39142,292.05,45.48,1701921638,,,,,,,,,
2023-12-07 09:30:38.845325,tf,NFO,39142,292.40,45.65,1701921638,3453735,292.45,293.00,,300,,,,
2023-12-07 09:30:39.137882,tf,NFO,39142,292.00,45.45,1701921639,,,,,,,,,
2023-12-07 09:30:39.848439,tf,NFO,39142,292.95,45.93,1701921639,3455505,,292.90,45,15,,,,
2023-12-07 09:30:40.139143,tf,NFO,39142,291.40,45.16,1701921640,,,,,,,,,
2023-12-07 09:30:40.851775,tf,NFO,39142,292.45,45.68,1701921640,3457110,292.75,293.30,15,45,,,,
2023-12-07 09:30:41.139947,tf,NFO,39142,292.70,45.80,1701921641,,,,,,,,,
2023-12-07 09:30:42.049424,tf,NFO,39142,293.70,46.30,1701921642,3458130,293.15,293.70,30,75,286.05,,,
2023-12-07 09:30:42.140062,tf,NFO,39142,293.75,46.33,1701921642,,,,,,,,,
2023-12-07 09:30:43.140670,tf,NFO,39142,294.00,46.45,1701921643,,,,,,,,,
2023-12-07 09:30:44.141531,tf,NFO,39142,293.70,46.30,1701921644,,,,,,,,,
2023-12-07 09:30:44.253770,tf,NFO,39142,294.30,46.60,1701921644,3462585,,,,180,286.06,,,
2023-12-07 09:30:45.142092,tf,NFO,39142,293.40,46.15,1701921645,,,,,,,,,
2023-12-07 09:30:45.454938,tf,NFO,39142,293.55,46.23,1701921645,3462735,292.80,293.40,195,15,,,,
2023-12-07 09:30:45.855344,tf,NFO,39142,291.55,45.23,1701921645,3463605,291.85,292.00,15,,,,,
2023-12-07 09:30:46.143431,tf,NFO,39142,292.25,45.58,1701921646,,,,,,,,,
2023-12-07 09:30:46.858946,tf,NFO,39142,290.95,44.93,1701921646,3467355,290.90,291.55,255,30,,,,
2023-12-07 09:30:47.143656,tf,NFO,39142,291.25,45.08,1701921647,,,,,,,,,
2023-12-07 09:30:47.863008,tf,NFO,39142,293.50,46.20,1701921647,3472635,293.55,294.05,15,15,286.07,,,
2023-12-07 09:30:48.144778,tf,NFO,39142,293.65,46.28,1701921648,,,,,,,,,
2023-12-07 09:30:50.065991,tf,NFO,39142,291.40,45.16,1701921650,3474780,291.00,291.40,45,240,286.08,,,
2023-12-07 09:30:51.266081,tf,NFO,39142,291.45,45.18,1701921651,3476250,290.85,291.35,,75,,,,
2023-12-07 09:30:51.863541,tf,NFO,39142,291.10,45.01,1701921651,3478095,290.60,291.15,15,90,,,,
2023-12-07 09:30:52.345969,tf,NFO,39142,290.00,44.46,1701921652,,,,,,,,,
2023-12-07 09:30:52.868215,tf,NFO,39142,289.35,44.13,1701921652,3483015,289.25,289.70,,180,286.09,,,
2023-12-07 09:30:53.146549,tf,NFO,39142,289.60,44.26,1701921653,,,,,,,,,
2023-12-07 09:30:54.068774,tf,NFO,39142,289.05,43.99,1701921654,3489255,288.70,289.15,,75,,,,
2023-12-07 09:30:54.147013,tf,NFO,39142,289.30,44.11,1701921654,,,,,,,,,
2023-12-07 09:30:55.149362,tf,NFO,39142,290.00,44.46,1701921655,,,,,,,,,
2023-12-07 09:30:55.268538,tf,NFO,39142,290.10,44.51,1701921655,3491325,289.55,290.15,,15,,,,
2023-12-07 09:30:56.148999,tf,NFO,39142,289.35,44.13,1701921656,,,,,,,,,
2023-12-07 09:30:56.474812,tf,NFO,39142,288.75,43.84,1701921656,3494235,288.90,289.45,105,195,286.10,,,
2023-12-07 09:30:56.870548,tf,NFO,39142,289.40,44.16,1701921656,3495030,289.10,289.40,30,75,,,,
2023-12-07 09:30:57.149722,tf,NFO,39142,289.10,44.01,1701921657,,,,,,,,,
2023-12-07 09:30:57.874835,tf,NFO,39142,289.80,44.36,1701921657,3496185,289.60,290.15,180,15,,,,
2023-12-07 09:30:58.349692,tf,NFO,39142,288.90,43.91,1701921658,,,,,,,,,
2023-12-07 09:30:59.072607,tf,NFO,39142,286.25,42.59,1701921659,3501540,286.15,286.60,15,90,,,,
2023-12-07 09:30:59.149825,tf,NFO,39142,287.40,43.16,1701921659,,,,,,,,,
2023-12-07 09:30:59.874436,tf,NFO,39142,287.45,43.19,1701921659,3503190,287.85,288.15,,75,,,,
2023-12-07 09:31:00.150407,tf,NFO,39142,287.40,43.16,1701921660,,,,,,,,,
2023-12-07 09:31:00.878415,tf,NFO,39142,285.75,42.34,1701921660,3505080,285.15,285.65,30,,,,,
2023-12-07 09:31:01.151785,tf,NFO,39142,285.00,41.97,1701921661,,,,,,,,,
2023-12-07 09:31:02.077398,tf,NFO,39142,283.60,41.27,1701921662,3519450,283.80,284.30,45,30,286.09,,,
2023-12-07 09:31:02.350697,tf,NFO,39142,283.20,41.07,1701921662,,,,,,,,,
2023-12-07 09:31:03.150829,tf,NFO,39142,284.20,41.57,1701921663,,,,,,,,,
2023-12-07 09:31:03.279160,tf,NFO,39142,284.00,41.47,1701921663,3524820,283.75,284.25,15,15,,,,
2023-12-07 09:31:04.084695,tf,NFO,39142,282.80,40.87,1701921664,3530730,282.65,283.15,,45,286.08,,,
2023-12-07 09:31:04.151884,tf,NFO,39142,282.45,40.70,1701921664,,,,,,,,,
2023-12-07 09:31:05.352285,tf,NFO,39142,276.10,37.53,1701921665,,,,,,,,,
2023-12-07 09:31:05.480852,tf,NFO,39142,277.10,38.03,1701921665,3553410,277.90,278.50,75,30,286.04,,,
2023-12-07 09:31:06.152459,tf,NFO,39142,277.70,38.33,1701921666,,,,,,,,,
2023-12-07 09:31:06.287176,tf,NFO,39142,278.40,38.68,1701921666,3558690,,278.35,15,15,286.03,,,
2023-12-07 09:31:07.153013,tf,NFO,39142,272.00,35.49,1701921667,,,,,,,,,
2023-12-07 09:31:07.488014,tf,NFO,39142,272.60,35.79,1701921667,3569490,273.30,273.65,,,285.99,,,
2023-12-07 09:31:07.887537,tf,NFO,39142,273.60,36.29,1701921667,3571080,273.55,273.90,,285,,,,
2023-12-07 09:31:08.353810,tf,NFO,39142,272.85,35.92,1701921668,,,,,,,,,
2023-12-07 09:31:09.087621,tf,NFO,39142,270.25,34.62,1701921669,3581505,270.25,270.45,,30,285.95,,,
2023-12-07 09:31:09.154284,tf,NFO,39142,270.70,34.84,1701921669,,,,,,,,,
2023-12-07 09:31:09.889195,tf,NFO,39142,267.55,33.28,1701921669,3601530,267.15,267.60,30,,285.85,,,
2023-12-07 09:31:10.155632,tf,NFO,39142,268.50,33.75,1701921670,,,,,,,,,
2023-12-07 09:31:10.894163,tf,NFO,39142,270.60,34.79,1701921670,3608340,270.20,270.75,,15,285.82,,,
2023-12-07 09:31:11.355561,tf,NFO,39142,272.20,35.59,1701921671,,,,,,,,,
2023-12-07 09:31:12.094087,tf,NFO,39142,268.20,33.60,1701921672,3614820,267.90,268.40,105,,285.79,,,
2023-12-07 09:31:12.155599,tf,NFO,39142,268.30,33.65,1701921672,,,,,,,,,
2023-12-07 09:31:13.156605,tf,NFO,39142,267.20,33.10,1701921673,,,,,,,,,
2023-12-07 09:31:13.293079,tf,NFO,39142,270.00,34.50,1701921673,3620505,270.00,270.60,45,90,285.77,,,
2023-12-07 09:31:14.296531,tf,NFO,39142,270.15,34.57,1701921674,3626130,269.75,270.20,30,120,285.74,,,
2023-12-07 09:31:14.362172,tf,NFO,39142,269.90,34.45,1701921674,,,,,,,,,
2023-12-07 09:31:15.156884,tf,NFO,39142,272.10,35.54,1701921675,,,,,,,,,
2023-12-07 09:31:15.498031,tf,NFO,39142,275.00,36.99,1701921675,3632190,274.30,274.80,,30,285.72,,,
2023-12-07 09:31:15.898599,tf,NFO,39142,273.95,36.46,1701921675,3634350,273.85,274.35,,15,285.71,,,
2023-12-07 09:31:16.158313,tf,NFO,39142,272.55,35.77,1701921676,,,,,,,,,
2023-12-07 09:31:16.900861,tf,NFO,39142,275.85,37.41,1701921676,3639240,275.25,275.80,,,285.69,,,
2023-12-07 09:31:17.159483,tf,NFO,39142,277.40,38.18,1701921677,,,,,,,,,
2023-12-07 09:31:18.100551,tf,NFO,39142,275.35,37.16,1701921678,3644205,275.35,,90,45,285.68,,,
2023-12-07 09:31:18.159609,tf,NFO,39142,275.75,37.36,1701921678,,,,,,,,,
2023-12-07 09:31:19.107530,tf,NFO,39142,275.45,37.21,1701921679,3648960,275.15,275.60,15,90,285.67,,,
2023-12-07 09:31:19.359097,tf,NFO,39142,275.20,37.09,1701921679,,,,,,,,,
2023-12-07 09:31:20.159531,tf,NFO,39142,274.25,36.61,1701921680,,,,,,,,,
2023-12-07 09:31:20.307182,tf,NFO,39142,274.80,36.89,1701921680,3652380,274.45,274.90,,60,285.66,,,
2023-12-07 09:31:21.159624,tf,NFO,39142,275.85,37.41,1701921681,,,,,,,,,
2023-12-07 09:31:21.508583,tf,NFO,39142,275.80,37.38,1701921681,3655335,275.85,276.35,,30,285.65,,,
2023-12-07 09:31:21.907976,tf,NFO,39142,276.60,37.78,1701921681,3655980,276.60,277.05,30,15,,,,
2023-12-07 09:31:22.160700,tf,NFO,39142,278.00,38.48,1701921682,,,,,,,,,
2023-12-07 09:31:22.910640,tf,NFO,39142,278.80,38.88,1701921682,3658980,278.35,278.75,,45,285.64,,,
2023-12-07 09:31:23.161463,tf,NFO,39142,279.65,39.30,1701921683,,,,,,,,,
2023-12-07 09:31:23.913519,tf,NFO,39142,279.10,39.03,1701921683,3670605,279.25,279.60,195,270,285.63,,,
2023-12-07 09:31:24.371280,tf,NFO,39142,280.40,39.68,1701921684,,,,,,,,,
2023-12-07 09:31:24.917434,tf,NFO,39142,280.20,39.58,1701921684,3674505,280.20,280.70,30,15,285.62,,,
2023-12-07 09:31:25.161878,tf,NFO,39142,282.00,40.47,1701921685,,,,,,,,,
2023-12-07 09:31:26.116294,tf,NFO,39142,282.20,40.57,1701921686,3679425,282.20,282.70,180,,285.61,,,
2023-12-07 09:31:26.162513,tf,NFO,39142,282.60,40.77,1701921686,,,,,,,,,
2023-12-07 09:31:27.162736,tf,NFO,39142,281.60,40.27,1701921687,,,,,,,,,
2023-12-07 09:31:27.316311,tf,NFO,39142,281.75,40.35,1701921687,3685680,281.90,282.40,105,,,,,
2023-12-07 09:31:28.163781,tf,NFO,39142,283.80,41.37,1701921688,,,,,,,,,
2023-12-07 09:31:28.319509,tf,NFO,39142,285.00,41.97,1701921688,3688110,284.70,285.00,195,360,,,,
2023-12-07 09:31:29.164211,tf,NFO,39142,284.10,41.52,1701921689,,,,,,,,,
2023-12-07 09:31:29.324260,tf,NFO,39142,284.00,41.47,1701921689,3690855,283.70,284.20,30,30,,,,
2023-12-07 09:31:30.164670,tf,NFO,39142,284.85,41.89,1701921690,,,,,,,,,
2023-12-07 09:31:30.532631,tf,NFO,39142,284.55,41.74,1701921690,3694050,284.15,284.55,15,15,,,,
2023-12-07 09:31:30.923420,tf,NFO,39142,287.65,43.29,1701921690,3695025,287.30,287.65,30,45,,,,
2023-12-07 09:31:31.165024,tf,NFO,39142,287.95,43.44,1701921691,,,,,,,,,
2023-12-07 09:31:31.926337,tf,NFO,39142,287.30,43.11,1701921691,3699030,287.00,287.30,15,,,,,
2023-12-07 09:31:32.364474,tf,NFO,39142,287.25,43.09,1701921692,,,,,,,,,
2023-12-07 09:31:32.929540,tf,NFO,39142,285.50,42.22,1701921692,3701820,285.50,285.90,240,30,,,,
2023-12-07 09:31:33.165485,tf,NFO,39142,285.60,42.27,1701921693,,,,,,,,,
2023-12-07 09:31:34.127819,tf,NFO,39142,286.90,42.91,1701921694,3705705,286.45,286.95,15,75,,,,
2023-12-07 09:31:34.165748,tf,NFO,39142,286.95,42.94,1701921694,,,,,,,,,
2023-12-07 09:31:35.166586,tf,NFO,39142,285.00,41.97,1701921695,,,,,,,,,
2023-12-07 09:31:35.328394,tf,NFO,39142,284.70,41.82,1701921695,3708660,284.75,285.20,,30,,,,
2023-12-07 09:31:36.166888,tf,NFO,39142,286.00,42.47,1701921696,,,,,,,,,
2023-12-07 09:31:36.333934,tf,NFO,39142,286.25,42.59,1701921696,3713235,286.60,287.05,,75,,,,
2023-12-07 09:31:37.167465,tf,NFO,39142,287.05,42.99,1701921697,,,,,,,,,
2023-12-07 09:31:37.533138,tf,NFO,39142,287.95,43.44,1701921697,3715275,287.40,287.85,,15,,,,
2023-12-07 09:31:37.933190,tf,NFO,39142,288.45,43.69,1701921697,3716460,287.90,288.35,30,,,,,
2023-12-07 09:31:38.167726,tf,NFO,39142,287.80,43.36,1701921698,,,,,,,,,
2023-12-07 09:31:38.935929,tf,NFO,39142,289.85,44.38,1701921698,3719145,289.20,289.65,15,,,,,
2023-12-07 09:31:39.167802,tf,NFO,39142,289.95,44.43,1701921699,,,,,,,,,
2023-12-07 09:31:39.938956,tf,NFO,39142,291.40,45.16,1701921699,3722370,291.00,291.50,30,210,285.62,,,
2023-12-07 09:31:40.168464,tf,NFO,39142,289.65,44.28,1701921700,,,,,,,,,
2023-12-07 09:31:41.139506,tf,NFO,39142,291.60,45.26,1701921701,3728115,,,15,15,,,,
2023-12-07 09:31:41.169417,tf,NFO,39142,291.50,45.21,1701921701,,,,,,,,,
2023-12-07 09:31:42.142465,tf,NFO,39142,291.80,45.35,1701921702,3732780,291.15,291.60,180,30,285.63,,,
2023-12-07 09:31:42.169929,tf,NFO,39142,291.10,45.01,1701921702,,,,,,,,,
2023-12-07 09:31:43.169993,tf,NFO,39142,287.30,43.11,1701921703,,,,,,,,,
2023-12-07 09:31:43.342527,tf,NFO,39142,286.25,42.59,1701921703,3737550,285.80,286.30,90,15,285.64,,,
2023-12-07 09:31:44.170361,tf,NFO,39142,287.25,43.09,1701921704,,,,,,,,,
2023-12-07 09:31:44.542464,tf,NFO,39142,287.50,43.21,1701921704,3741810,287.05,287.50,105,135,,,,
2023-12-07 09:31:44.943075,tf,NFO,39142,288.45,43.69,1701921704,3742650,288.15,288.55,15,105,,,,
2023-12-07 09:31:45.369698,tf,NFO,39142,288.80,43.86,1701921705,,,,,,,,,
2023-12-07 09:31:45.947075,tf,NFO,39142,286.90,42.91,1701921705,3744090,286.40,286.70,75,15,,,,
2023-12-07 09:31:46.170118,tf,NFO,39142,287.55,43.24,1701921706,,,,,,,,,
2023-12-07 09:31:46.950773,tf,NFO,39142,288.10,43.51,1701921706,3746025,287.80,288.25,15,,,,,
2023-12-07 09:31:47.170612,tf,NFO,39142,286.95,42.94,1701921707,,,,,,,,,
2023-12-07 09:31:48.150894,tf,NFO,39142,287.95,43.44,1701921708,3748050,287.30,287.80,,30,,,,
2023-12-07 09:31:49.155428,tf,NFO,39142,287.40,43.16,1701921709,3749040,286.95,287.40,,165,,,,
2023-12-07 09:31:50.171470,tf,NFO,39142,287.55,43.24,1701921710,,,,,,,,,
2023-12-07 09:31:50.352681,tf,NFO,39142,287.65,43.29,1701921710,3750465,286.40,287.00,,450,,,,
2023-12-07 09:31:51.171765,tf,NFO,39142,285.00,41.97,1701921711,,,,,,,,,
2023-12-07 09:31:51.357698,tf,NFO,39142,285.15,42.04,1701921711,3753810,285.10,285.55,90,90,,,,
2023-12-07 09:31:52.172746,tf,NFO,39142,284.90,41.92,1701921712,,,,,,,,,
2023-12-07 09:31:52.555948,tf,NFO,39142,286.35,42.64,1701921712,3755940,285.75,286.35,30,255,,,,
2023-12-07 09:31:52.956189,tf,NFO,39142,287.10,43.01,1701921712,3757170,286.45,286.90,45,30,,,,
2023-12-07 09:31:53.173081,tf,NFO,39142,286.95,42.94,1701921713,,,,,,,,,
2023-12-07 09:31:53.960708,tf,NFO,39142,284.55,41.74,1701921713,3758940,283.80,284.25,15,15,,,,
2023-12-07 09:31:54.174041,tf,NFO,39142,284.05,41.49,1701921714,,,,,,,,,
2023-12-07 09:31:54.964326,tf,NFO,39142,284.10,41.52,1701921714,3761715,283.60,284.10,,30,,,,
2023-12-07 09:31:55.174718,tf,NFO,39142,283.60,41.27,1701921715,,,,,,,,,
2023-12-07 09:31:56.162293,tf,NFO,39142,284.45,41.69,1701921716,3764895,284.40,284.85,45,60,,,,
2023-12-07 09:31:56.174882,tf,NFO,39142,284.80,41.87,1701921716,,,,,,,,,
2023-12-07 09:31:57.167362,tf,NFO,39142,283.50,41.22,1701921717,3768165,283.20,283.60,270,15,,,,
2023-12-07 09:31:58.176792,tf,NFO,39142,283.35,41.15,1701921718,,,,,,,,,
2023-12-07 09:31:58.368748,tf,NFO,39142,284.45,41.69,1701921718,3770160,283.95,284.35,15,150,,,,
2023-12-07 09:31:59.177332,tf,NFO,39142,283.50,41.22,1701921719,,,,,,,,,
2023-12-07 09:31:59.565898,tf,NFO,39142,283.65,41.30,1701921719,3775380,283.15,283.65,45,15,285.63,,,
2023-12-07 09:31:59.966771,tf,NFO,39142,284.35,41.64,1701921719,3775635,283.80,284.25,105,,,,,
2023-12-07 09:32:00.178187,tf,NFO,39142,284.90,41.92,1701921720,,,,,,,,,
2023-12-07 09:32:00.970496,tf,NFO,39142,283.25,41.10,1701921720,3778050,282.60,283.10,15,,,,,
2023-12-07 09:32:01.178953,tf,NFO,39142,282.25,40.60,1701921721,,,,,,,,,
2023-12-07 09:32:01.972410,tf,NFO,39142,282.60,40.77,1701921721,3780510,282.30,282.75,30,30,,,,
2023-12-07 09:32:02.179035,tf,NFO,39142,282.30,40.62,1701921722,,,,,,,,,
2023-12-07 09:32:02.974697,tf,NFO,39142,283.30,41.12,1701921722,3782145,282.95,283.35,,15,,,,
2023-12-07 09:32:03.179979,tf,NFO,39142,281.55,40.25,1701921723,,,,,,,,,
2023-12-07 09:32:03.978472,tf,NFO,39142,282.50,40.72,1701921723,3783420,282.20,282.70,,195,,,,
2023-12-07 09:32:04.379952,tf,NFO,39142,282.00,40.47,1701921724,,,,,,,,,
2023-12-07 09:32:05.175496,tf,NFO,39142,282.05,40.50,1701921725,3785670,281.65,282.15,285,15,,,,
2023-12-07 09:32:06.181598,tf,NFO,39142,280.60,39.78,1701921726,,,,,,,,,
2023-12-07 09:32:07.182364,tf,NFO,39142,282.70,40.82,1701921727,,,,,,,,,
2023-12-07 09:32:07.381495,tf,NFO,39142,282.45,40.70,1701921727,3790125,282.30,282.70,,15,,,,
2023-12-07 09:32:08.182583,tf,NFO,39142,281.85,40.40,1701921728,,,,,,,,,
2023-12-07 09:32:08.582222,tf,NFO,39142,282.45,40.70,1701921728,3792195,282.55,282.80,,,,,,
2023-12-07 09:32:08.983342,tf,NFO,39142,283.15,41.05,1701921728,3792960,282.70,283.15,,,,,,
2023-12-07 09:32:09.183100,tf,NFO,39142,282.80,40.87,1701921729,,,,,,,,,
2023-12-07 09:32:09.986045,tf,NFO,39142,282.90,40.92,1701921729,3794445,282.95,283.40,,30,,,,
2023-12-07 09:32:10.383422,tf,NFO,39142,284.35,41.64,1701921730,,,,,,,,,
2023-12-07 09:32:11.183269,tf,NFO,39142,283.50,41.22,1701921731,,,,,,,,,
2023-12-07 09:32:12.183764,tf,NFO,39142,282.15,40.55,1701921732,,,,,,,,,
2023-12-07 09:32:12.190894,tf,NFO,39142,282.55,40.75,1701921732,3797730,282.05,282.45,,60,,,,
2023-12-07 09:32:13.184316,tf,NFO,39142,282.65,40.80,1701921733,,,,,,,,,
2023-12-07 09:32:13.391822,tf,NFO,39142,282.95,40.95,1701921733,3799335,282.35,282.90,105,45,285.61,,,
2023-12-07 09:32:14.184783,tf,NFO,39142,283.60,41.27,1701921734,,,,,,,,,
2023-12-07 09:32:14.590983,tf,NFO,39142,283.10,41.02,1701921734,3801165,282.70,283.15,45,15,,,,
2023-12-07 09:32:14.991219,tf,NFO,39142,283.00,40.97,1701921734,3801285,282.65,283.00,15,510,,,,
2023-12-07 09:32:15.185413,tf,NFO,39142,282.95,40.95,1701921735,,,,,,,,,
2023-12-07 09:32:15.995107,tf,NFO,39142,282.45,40.70,1701921735,3802035,282.05,282.50,,15,,,,
2023-12-07 09:32:17.187154,tf,NFO,39142,281.70,40.32,1701921737,,,,,,,,,
2023-12-07 09:32:18.188014,tf,NFO,39142,281.00,39.98,1701921738,,,,,,,,,
2023-12-07 09:32:19.188726,tf,NFO,39142,280.80,39.88,1701921739,,,,,,,,,
2023-12-07 09:32:20.189671,tf,NFO,39142,281.95,40.45,1701921740,,,,,,,,,
2023-12-07 09:32:20.400622,tf,NFO,39142,281.50,40.22,1701921740,3811095,281.15,281.55,15,345,285.60,,,
2023-12-07 09:32:21.190682,tf,NFO,39142,282.05,40.50,1701921741,,,,,,,,,
2023-12-07 09:32:21.599818,tf,NFO,39142,282.15,40.55,1701921741,3811455,281.40,281.90,30,285,,,,
2023-12-07 09:32:22.002418,tf,NFO,39142,281.25,40.10,1701921741,3811530,281.05,281.15,15,15,,,,
2023-12-07 09:32:22.191616,tf,NFO,39142,281.35,40.15,1701921742,,,,,,,,,
2023-12-07 09:32:23.003188,tf,NFO,39142,280.65,39.80,1701921742,3812775,280.10,280.55,,45,,,,
2023-12-07 09:32:23.191992,tf,NFO,39142,280.35,39.65,1701921743,,,,,,,,,
2023-12-07 09:32:24.215272,tf,NFO,39142,276.35,37.66,1701921744,3819660,276.25,276.75,75,240,285.59,,,
2023-12-07 09:32:24.393041,tf,NFO,39142,276.15,37.56,1701921744,,,,,,,,,
2023-12-07 09:32:25.193245,tf,NFO,39142,275.20,37.09,1701921745,,,,,,,,,
2023-12-07 09:32:26.194148,tf,NFO,39142,273.25,36.11,1701921746,,,,,,,,,
2023-12-07 09:32:27.194489,tf,NFO,39142,274.80,36.89,1701921747,,,,,,,,,
2023-12-07 09:32:27.412218,tf,NFO,39142,273.95,36.46,1701921747,3833460,,273.90,,195,285.55,,,
2023-12-07 09:32:28.195752,tf,NFO,39142,273.05,36.01,1701921748,,,,,,,,,
2023-12-07 09:32:28.616308,tf,NFO,39142,272.80,35.89,1701921748,3836880,273.45,273.95,,45,285.54,,,
2023-12-07 09:32:29.012011,tf,NFO,39142,274.75,36.86,1701921749,3837195,274.70,275.15,30,15,,,,
2023-12-07 09:32:29.197042,tf,NFO,39142,274.60,36.79,1701921749,,,,,,,,,
2023-12-07 09:32:30.014330,tf,NFO,39142,273.80,36.39,1701921750,3839415,273.05,273.60,75,90,285.53,,,
2023-12-07 09:32:30.197911,tf,NFO,39142,273.50,36.24,1701921750,,,,,,,874245,,
2023-12-07 09:32:31.016687,tf,NFO,39142,274.55,36.76,1701921751,3841290,274.15,274.55,15,225,,,,
2023-12-07 09:32:31.198226,tf,NFO,39142,275.10,37.04,1701921751,,,,,,,,,
2023-12-07 09:32:32.020522,tf,NFO,39142,276.95,37.96,1701921752,3844440,276.45,276.85,,15,285.52,,,
2023-12-07 09:32:32.197950,tf,NFO,39142,276.65,37.81,1701921752,,,,,,,,,
2023-12-07 09:32:33.198546,tf,NFO,39142,277.50,38.23,1701921753,,,,,,,,,
2023-12-07 09:32:33.217748,tf,NFO,39142,276.80,37.88,1701921753,3848010,276.90,277.35,,30,285.51,,,
2023-12-07 09:32:34.199135,tf,NFO,39142,278.75,38.85,1701921754,,,,,,,,,
2023-12-07 09:32:35.225735,tf,NFO,39142,279.00,38.98,1701921755,3850425,278.15,278.60,,60,,,,
2023-12-07 09:32:35.398872,tf,NFO,39142,277.95,38.46,1701921755,,,,,,,,,
2023-12-07 09:32:36.199735,tf,NFO,39142,278.35,38.66,1701921756,,,,,,,,,
2023-12-07 09:32:36.426024,tf,NFO,39142,278.30,38.63,1701921756,3852450,278.50,278.95,,360,285.50,,,
2023-12-07 09:32:37.200567,tf,NFO,39142,278.80,38.88,1701921757,,,,,,,,,
2023-12-07 09:32:37.624478,tf,NFO,39142,278.15,38.56,1701921757,3853530,277.65,278.15,,15,,,,
2023-12-07 09:32:38.025565,tf,NFO,39142,279.60,39.28,1701921758,3853620,278.95,279.40,,,,,,
2023-12-07 09:32:38.401181,tf,NFO,39142,279.50,39.23,1701921758,,,,,,,,,
2023-12-07 09:32:39.030955,tf,NFO,39142,280.30,39.63,1701921759,3855450,279.90,280.40,135,120,,,,
2023-12-07 09:32:39.200751,tf,NFO,39142,280.65,39.80,1701921759,,,,,,,,,
2023-12-07 09:32:40.202671,tf,NFO,39142,282.50,40.72,1701921760,,,,,,,,,
2023-12-07 09:32:40.230560,tf,NFO,39142,282.00,40.47,1701921760,3858735,281.75,282.25,15,30,285.49,,,
2023-12-07 09:32:41.234968,tf,NFO,39142,283.75,41.34,1701921761,3861270,283.30,283.75,,240,,,,
2023-12-07 09:32:42.203274,tf,NFO,39142,284.25,41.59,1701921762,,,,,,,,,
2023-12-07 09:32:42.436120,tf,NFO,39142,283.95,41.44,1701921762,3863460,283.80,284.25,,15,,,,
2023-12-07 09:32:43.203883,tf,NFO,39142,283.80,41.37,1701921763,,,,,,,,,
2023-12-07 09:32:43.635598,tf,NFO,39142,283.25,41.10,1701921763,3865455,282.90,283.35,30,225,,,,
2023-12-07 09:32:44.036621,tf,NFO,39142,283.10,41.02,1701921764,3865545,281.40,281.75,15,30,,,,
2023-12-07 09:32:44.204291,tf,NFO,39142,281.60,40.27,1701921764,,,,,,,,,
2023-12-07 09:32:45.041699,tf,NFO,39142,280.50,39.73,1701921765,3868485,280.15,280.50,90,645,,,,
2023-12-07 09:32:45.204508,tf,NFO,39142,280.35,39.65,1701921765,,,,,,,,,
2023-12-07 09:32:46.205971,tf,NFO,39142,282.25,40.60,1701921766,,,,,,,,,
2023-12-07 09:32:46.240986,tf,NFO,39142,281.80,40.37,1701921766,3872205,281.95,282.35,15,90,285.48,,,
2023-12-07 09:32:47.206904,tf,NFO,39142,281.70,40.32,1701921767,,,,,,,,,
2023-12-07 09:32:47.439477,tf,NFO,39142,282.65,40.80,1701921767,3873690,282.10,282.65,330,855,,,,
2023-12-07 09:32:48.206105,tf,NFO,39142,280.80,39.88,1701921768,,,,,,,,,
2023-12-07 09:32:48.444999,tf,NFO,39142,280.45,39.70,1701921768,3874305,280.30,280.80,15,225,,,,
2023-12-07 09:32:49.406572,tf,NFO,39142,281.60,40.27,1701921769,,,,,,,,,
2023-12-07 09:32:49.644858,tf,NFO,39142,282.45,40.70,1701921769,3876225,281.60,282.10,180,15,,,,
2023-12-07 09:32:50.044960,tf,NFO,39142,282.35,40.65,1701921770,3876270,282.10,282.60,15,450,,,,
2023-12-07 09:32:50.207572,tf,NFO,39142,282.20,40.57,1701921770,,,,,,,,,
2023-12-07 09:32:51.050419,tf,NFO,39142,281.05,40.00,1701921771,3877140,280.45,281.00,150,15,,,,
2023-12-07 09:32:51.207044,tf,NFO,39142,280.35,39.65,1701921771,,,,,,,,,
2023-12-07 09:32:52.207715,tf,NFO,39142,281.20,40.07,1701921772,,,,,,,,,
2023-12-07 09:32:53.208455,tf,NFO,39142,279.25,39.10,1701921773,,,,,,,,,
2023-12-07 09:32:53.450911,tf,NFO,39142,277.70,38.33,1701921773,3880320,277.50,278.05,75,105,,,,
2023-12-07 09:32:54.209072,tf,NFO,39142,277.75,38.36,1701921774,,,,,,,,,
2023-12-07 09:32:54.455643,tf,NFO,39142,278.50,38.73,1701921774,3883470,277.75,278.20,15,45,,,,
2023-12-07 09:32:55.408524,tf,NFO,39142,276.60,37.78,1701921775,,,,,,,,,
2023-12-07 09:32:56.054496,tf,NFO,39142,277.80,38.38,1701921776,3885360,277.30,277.75,45,30,,,,
2023-12-07 09:32:56.209661,tf,NFO,39142,277.00,37.98,1701921776,,,,,,,,,
2023-12-07 09:32:57.058480,tf,NFO,39142,278.45,38.70,1701921777,3887355,278.00,278.45,60,105,,,,
2023-12-07 09:32:57.210326,tf,NFO,39142,278.60,38.78,1701921777,,,,,,,,,
2023-12-07 09:32:58.211611,tf,NFO,39142,279.10,39.03,1701921778,,,,,,,,,
2023-12-07 09:32:58.256639,tf,NFO,39142,279.55,39.25,1701921778,3889335,279.40,279.95,225,15,,,,
2023-12-07 09:32:59.212133,tf,NFO,39142,280.05,39.50,1701921779,,,,,,,,,
2023-12-07 09:32:59.261786,tf,NFO,39142,279.90,39.43,1701921779,3890685,279.35,279.80,30,,285.45,,,
2023-12-07 09:33:00.213053,tf,NFO,39142,280.85,39.90,1701921780,,,,,,,,,
2023-12-07 09:33:00.461115,tf,NFO,39142,279.85,39.40,1701921780,3894600,279.40,279.90,15,510,,,,
2023-12-07 09:33:01.214534,tf,NFO,39142,278.55,38.75,1701921781,,,,,,,,,
2023-12-07 09:33:01.466348,tf,NFO,39142,278.85,38.90,1701921781,3895230,278.35,278.80,,45,,,,
2023-12-07 09:33:02.215268,tf,NFO,39142,278.55,38.75,1701921782,,,,,,,,,
2023-12-07 09:33:02.667363,tf,NFO,39142,277.00,37.98,1701921782,3897615,277.00,277.40,,15,285.44,,,
2023-12-07 09:33:03.065469,tf,NFO,39142,277.20,38.08,1701921783,3898815,276.35,276.75,75,,,,,
2023-12-07 09:33:03.415972,tf,NFO,39142,276.95,37.96,1701921783,,,,,,,,,
2023-12-07 09:33:04.068056,tf,NFO,39142,275.85,37.41,1701921784,3900675,275.25,275.75,30,30,285.43,,,
2023-12-07 09:33:05.071501,tf,NFO,39142,275.55,37.26,1701921785,3901695,275.10,275.45,15,,,,,
2023-12-07 09:33:05.217271,tf,NFO,39142,275.15,37.06,1701921785,,,,,,,,,
2023-12-07 09:33:06.218217,tf,NFO,39142,275.95,37.46,1701921786,,,,,,,,,
2023-12-07 09:33:07.219501,tf,NFO,39142,276.00,37.48,1701921787,,,,,,,,,
2023-12-07 09:33:07.275041,tf,NFO,39142,276.55,37.76,1701921787,3905235,276.20,276.65,60,30,,,,
2023-12-07 09:33:08.220887,tf,NFO,39142,276.90,37.93,1701921788,,,,,,,,,
2023-12-07 09:33:08.478036,tf,NFO,39142,275.75,37.36,1701921788,3906210,275.80,276.30,30,45,,,,
2023-12-07 09:33:09.221854,tf,NFO,39142,275.85,37.41,1701921789,,,,,,,,,
2023-12-07 09:33:09.477831,tf,NFO,39142,275.50,37.24,1701921789,3906540,275.10,275.70,105,690,,,,
2023-12-07 09:33:10.421304,tf,NFO,39142,274.95,36.96,1701921790,,,,,,,,,
2023-12-07 09:33:10.677440,tf,NFO,39142,274.40,36.69,1701921790,3911100,274.20,274.50,15,150,285.41,,,
2023-12-07 09:33:11.076376,tf,NFO,39142,274.50,36.74,1701921791,3911940,274.70,275.20,75,15,,,,
2023-12-07 09:33:11.221676,tf,NFO,39142,274.75,36.86,1701921791,,,,,,,,,
2023-12-07 09:33:12.078574,tf,NFO,39142,274.10,36.54,1701921792,3914790,273.90,274.15,15,30,285.40,,,
2023-12-07 09:33:12.222736,tf,NFO,39142,274.00,36.49,1701921792,,,,,,,,,
2023-12-07 09:33:13.082103,tf,NFO,39142,273.70,36.34,1701921793,3916155,273.65,274.10,105,15,285.39,,,
2023-12-07 09:33:13.222979,tf,NFO,39142,274.25,36.61,1701921793,,,,,,,,,
2023-12-07 09:33:14.224136,tf,NFO,39142,275.25,37.11,1701921794,,,,,,,,,
2023-12-07 09:33:15.224424,tf,NFO,39142,274.25,36.61,1701921795,,,,,,,,,
2023-12-07 09:33:15.286232,tf,NFO,39142,274.85,36.91,1701921795,3919035,274.15,274.70,345,30,,,,
2023-12-07 09:33:16.224328,tf,NFO,39142,274.95,36.96,1701921796,,,,,,,,,
2023-12-07 09:33:16.490030,tf,NFO,39142,274.25,36.61,1701921796,3921330,274.50,274.95,30,,285.38,,,
2023-12-07 09:33:17.226151,tf,NFO,39142,275.80,37.38,1701921797,,,,,,,,,
2023-12-07 09:33:17.684548,tf,NFO,39142,276.35,37.66,1701921797,3922980,276.35,276.80,120,15,,,,
2023-12-07 09:33:18.085461,tf,NFO,39142,276.85,37.91,1701921798,3923265,,276.70,15,,285.37,,,
2023-12-07 09:33:18.226881,tf,NFO,39142,276.15,37.56,1701921798,,,,,,,,,
2023-12-07 09:33:19.086490,tf,NFO,39142,275.90,37.43,1701921799,3924690,275.45,275.90,,180,,,,
2023-12-07 09:33:19.227625,tf,NFO,39142,275.75,37.36,1701921799,,,,,,,,,
2023-12-07 09:33:20.091355,tf,NFO,39142,274.80,36.89,1701921800,3926175,274.75,275.10,30,15,,,,
2023-12-07 09:33:20.228600,tf,NFO,39142,274.35,36.66,1701921800,,,,,,,,,
2023-12-07 09:33:21.229507,tf,NFO,39142,275.50,37.24,1701921801,,,,,,,,,
2023-12-07 09:33:22.294523,tf,NFO,39142,274.75,36.86,1701921802,3930135,274.30,274.70,15,30,285.36,,,
2023-12-07 09:33:23.229008,tf,NFO,39142,274.85,36.91,1701921803,,,,,,,,,
2023-12-07 09:33:23.493866,tf,NFO,39142,274.45,36.71,1701921803,3931575,274.15,274.55,30,105,285.35,,,
2023-12-07 09:33:24.229970,tf,NFO,39142,274.15,36.56,1701921804,,,,,,,,,
2023-12-07 09:33:25.230721,tf,NFO,39142,274.20,36.59,1701921805,,,,,,,,,
2023-12-07 09:33:25.698720,tf,NFO,39142,274.25,36.61,1701921805,3935235,274.15,274.25,30,270,285.34,,,
2023-12-07 09:33:26.097574,tf,NFO,39142,274.55,36.76,1701921806,3936300,274.35,274.55,90,15,,,,
2023-12-07 09:33:27.101516,tf,NFO,39142,274.60,36.79,1701921807,3936930,274.15,274.60,,,,,,
2023-12-07 09:33:28.106375,tf,NFO,39142,275.05,37.01,1701921808,3938040,274.60,275.05,255,60,,,,
2023-12-07 09:33:29.233565,tf,NFO,39142,275.90,37.43,1701921809,,,,,,,,,
2023-12-07 09:33:29.303554,tf,NFO,39142,275.75,37.36,1701921809,3939390,275.50,276.00,15,105,285.33,,,
2023-12-07 09:33:30.233653,tf,NFO,39142,275.45,37.21,1701921810,,,,,,,,,
2023-12-07 09:33:30.503430,tf,NFO,39142,276.40,37.68,1701921810,3943890,276.40,277.05,375,,285.32,,,
2023-12-07 09:33:31.433969,tf,NFO,39142,275.05,37.01,1701921811,,,,,,,,,
2023-12-07 09:33:32.233582,tf,NFO,39142,274.10,36.54,1701921812,,,,,,,,,
2023-12-07 09:33:32.716631,tf,NFO,39142,273.85,36.41,1701921812,3947220,273.45,273.95,180,75,285.31,,,
2023-12-07 09:33:33.111096,tf,NFO,39142,273.80,36.39,1701921813,3947475,273.20,273.75,495,90,,,,
2023-12-07 09:33:33.234434,tf,NFO,39142,273.20,36.09,1701921813,,,,,,,,,
2023-12-07 09:33:34.113356,tf,NFO,39142,272.80,35.89,1701921814,3949230,272.35,272.75,45,15,,,,
2023-12-07 09:33:34.234999,tf,NFO,39142,272.90,35.94,1701921814,,,,,,,,,
2023-12-07 09:33:35.235537,tf,NFO,39142,272.70,35.84,1701921815,,,,,,,,,
2023-12-07 09:33:36.236177,tf,NFO,39142,271.30,35.14,1701921816,,,,,,,,,
2023-12-07 09:33:36.317615,tf,NFO,39142,270.85,34.92,1701921816,3955470,270.75,271.10,30,30,285.29,,,
2023-12-07 09:33:37.243009,tf,NFO,39142,270.60,34.79,1701921817,,,,,,,,,
2023-12-07 09:33:37.514338,tf,NFO,39142,270.70,34.84,1701921817,3957885,270.70,271.15,60,45,285.28,,,
2023-12-07 09:33:38.436377,tf,NFO,39142,269.50,34.25,1701921818,,,,,,,,,
2023-12-07 09:33:38.519316,tf,NFO,39142,269.90,34.45,1701921818,3970005,269.80,270.20,105,15,285.23,,,
