timestamp,t,e,tk,lp,pc,ft,v,bp1,sp1,bq1,sq1,ap,oi,l,_id
2024-01-04 09:53:02,tf,NFO,50402,255.75,-27.86,1704342182,,,,,,,,,
2024-01-04 09:53:03,tf,NFO,50402,255.60,-27.90,1704342183,4186215,255.20,255.55,1560,15,,,,
2024-01-04 09:53:04,tf,NFO,50402,255.85,-27.83,1704342184,4186770,255.30,255.85,180,120,,,,
2024-01-04 09:53:04,tf,NFO,50402,255.45,-27.94,1704342184,,,,,,,,,
2024-01-04 09:53:05,tf,NFO,50402,255.20,-28.01,1704342185,4188345,255.20,255.65,1260,135,264.16,,,
2024-01-04 09:53:06,tf,NFO,50402,255.05,-28.05,1704342186,4191720,254.95,255.50,120,105,,,,
2024-01-04 09:53:06,tf,NFO,50402,254.95,-28.08,1704342186,,,,,,,,,
2024-01-04 09:53:07,tf,NFO,50402,254.90,-28.10,1704342187,4192290,254.50,254.95,60,60,264.15,,,
2024-01-04 09:53:08,tf,NFO,50402,254.30,-28.27,1704342188,4192470,254.10,254.60,45,165,,,,
2024-01-04 09:53:08,tf,NFO,50402,254.05,-28.34,1704342188,,,,,,,,,
2024-01-04 09:53:09,tf,NFO,50402,253.40,-28.52,1704342189,4194240,253.30,253.75,30,90,,,,
2024-01-04 09:53:09,tf,NFO,50402,253.70,-28.43,1704342189,,,,,,,,,
2024-01-04 09:53:10,tf,NFO,50402,254.05,-28.34,1704342190,,,,,,,,,
2024-01-04 09:53:11,tf,NFO,50402,253.15,-28.59,1704342191,4195125,253.15,253.70,135,405,,,,
2024-01-04 09:53:11,tf,NFO,50402,253.60,-28.46,1704342191,,,,,,,,,
2024-01-04 09:53:12,tf,NFO,50402,253.35,-28.53,1704342192,4196280,253.00,253.35,,45,264.14,,,
2024-01-04 09:53:13,tf,NFO,50402,253.45,-28.50,1704342193,4196625,,253.50,75,450,,,,
2024-01-04 09:53:13,tf,NFO,50402,253.00,-28.63,1704342193,,,,,,,,,
2024-01-04 09:53:14,tf,NFO,50402,252.65,-28.73,1704342194,4197075,252.30,252.70,60,195,,,,
2024-01-04 09:53:14,tf,NFO,50402,252.00,-28.91,1704342194,,,,,,,,,
2024-01-04 09:53:15,tf,NFO,50402,252.40,-28.80,1704342195,4200120,251.70,252.20,210,225,264.13,,,
2024-01-04 09:53:16,tf,NFO,50402,251.10,-29.17,1704342196,4201485,250.70,251.20,75,270,,,,
2024-01-04 09:53:17,tf,NFO,50402,251.70,-29.00,1704342197,4201980,252.00,252.40,,195,,,,
2024-01-04 09:53:17,tf,NFO,50402,251.85,-28.96,1704342197,,,,,,,,,
2024-01-04 09:53:18,tf,NFO,50402,251.35,-29.10,1704342198,4204110,251.25,251.65,45,180,264.12,,,
2024-01-04 09:53:18,tf,NFO,50402,251.25,-29.13,1704342198,,,,,,,,,
2024-01-04 09:53:19,tf,NFO,50402,252.00,-28.91,1704342199,4204800,251.95,252.15,135,45,,,,
2024-01-04 09:53:20,tf,NFO,50402,251.60,-29.03,1704342200,4205040,251.40,251.65,15,105,,,,
2024-01-04 09:53:20,tf,NFO,50402,251.35,-29.10,1704342200,,,,,,,,,
2024-01-04 09:53:21,tf,NFO,50402,250.00,-29.48,1704342201,4209435,250.15,250.65,180,15,264.10,,,
2024-01-04 09:53:21,tf,NFO,50402,250.65,-29.29,1704342201,,,,,,,,,
2024-01-04 09:53:22,tf,NFO,50402,250.90,-29.22,1704342202,4209600,250.60,251.05,480,30,,,,
2024-01-04 09:53:22,tf,NFO,50402,250.80,-29.25,1704342202,,,,,,,,,
2024-01-04 09:53:23,tf,NFO,50402,250.95,-29.21,1704342203,4210095,250.80,251.35,390,270,,,,
2024-01-04 09:53:23,tf,NFO,50402,250.90,-29.22,1704342203,,,,,,,,,
2024-01-04 09:53:24,tf,NFO,50402,250.95,-29.21,1704342204,4210785,251.15,251.65,210,30,,,,
2024-01-04 09:53:24,tf,NFO,50402,251.45,-29.07,1704342204,,,,,,,,,
2024-01-04 09:53:25,tf,NFO,50402,250.80,-29.25,1704342205,4211565,250.65,251.20,90,120,,,,
2024-01-04 09:53:26,tf,NFO,50402,251.30,-29.11,1704342206,,,,,,,,,
2024-01-04 09:53:27,tf,NFO,50402,250.95,-29.21,1704342207,4213995,250.35,250.90,165,30,,,,
2024-01-04 09:53:27,tf,NFO,50402,250.60,-29.31,1704342207,,,,,,,,,
2024-01-04 09:53:28,tf,NFO,50402,250.50,-29.34,1704342208,4215495,250.30,250.80,135,225,,,,
2024-01-04 09:53:28,tf,NFO,50402,250.45,-29.35,1704342208,,,,,,,,,
2024-01-04 09:53:29,tf,NFO,50402,250.75,-29.27,1704342209,4217520,250.75,251.20,285,120,264.08,,,
2024-01-04 09:53:30,tf,NFO,50402,250.40,-29.37,1704342210,4217715,250.00,250.40,15,1770,,,,
2024-01-04 09:53:30,tf,NFO,50402,250.15,-29.44,1704342210,,,,,,,1265880,,
2024-01-04 09:53:31,tf,NFO,50402,250.60,-29.31,1704342211,,,,,,,,,
2024-01-04 09:53:32,tf,NFO,50402,250.90,-29.22,1704342212,4220595,250.85,251.35,165,150,,,,
2024-01-04 09:53:32,tf,NFO,50402,250.35,-29.38,1704342212,,,,,,,,,
2024-01-04 09:53:33,tf,NFO,50402,251.10,-29.17,1704342213,4221735,250.65,251.15,330,30,,,,
2024-01-04 09:53:34,tf,NFO,50402,250.75,-29.27,1704342214,4221915,250.35,250.85,195,255,,,,
2024-01-04 09:53:35,tf,NFO,50402,251.25,-29.13,1704342215,4222245,250.60,251.10,435,270,264.06,,,
2024-01-04 09:53:35,tf,NFO,50402,251.05,-29.18,1704342215,,,,,,,,,
2024-01-04 09:53:36,tf,NFO,50402,250.75,-29.27,1704342216,4223340,250.30,250.75,135,15,,,,
2024-01-04 09:53:36,tf,NFO,50402,250.30,-29.39,1704342216,,,,,,,,,
2024-01-04 09:53:37,tf,NFO,50402,250.05,-29.46,1704342217,,,,,,,,,
2024-01-04 09:53:38,tf,NFO,50402,249.65,-29.58,1704342218,4225350,249.65,250.20,120,675,264.05,,,
2024-01-04 09:53:38,tf,NFO,50402,250.40,-29.37,1704342218,,,,,,,,,
2024-01-04 09:53:39,tf,NFO,50402,249.95,-29.49,1704342219,4228365,249.90,250.50,210,450,264.04,,,
2024-01-04 09:53:39,tf,NFO,50402,249.00,-29.76,1704342219,,,,,,,,,
2024-01-04 09:53:40,tf,NFO,50402,248.80,-29.82,1704342220,4230540,248.30,248.80,90,195,,,,
2024-01-04 09:53:40,tf,NFO,50402,248.25,-29.97,1704342220,,,,,,,,,
2024-01-04 09:53:41,tf,NFO,50402,246.55,-30.45,1704342221,,,,,,,,,
2024-01-04 09:53:42,tf,NFO,50402,246.35,-30.51,1704342222,,,,,,,,,
2024-01-04 09:53:43,tf,NFO,50402,247.10,-30.30,1704342223,4245390,246.80,247.35,450,135,263.98,,,
2024-01-04 09:53:44,tf,NFO,50402,246.45,-30.48,1704342224,4251270,246.50,247.00,15,375,263.95,,,
2024-01-04 09:53:44,tf,NFO,50402,246.40,-30.49,1704342224,,,,,,,,,
2024-01-04 09:53:45,tf,NFO,50402,245.50,-30.75,1704342225,4260270,245.50,245.80,225,180,263.91,,,
2024-01-04 09:53:45,tf,NFO,50402,244.65,-30.99,1704342225,,,,,,,,,
2024-01-04 09:53:46,tf,NFO,50402,242.90,-31.48,1704342226,,,,,,,,,
2024-01-04 09:53:47,tf,NFO,50402,242.95,-31.47,1704342227,4267695,242.55,242.90,60,,,,,
2024-01-04 09:53:47,tf,NFO,50402,242.20,-31.68,1704342227,,,,,,,,,
2024-01-04 09:53:48,tf,NFO,50402,241.45,-31.89,1704342228,4275135,241.15,241.55,,15,263.84,,,
2024-01-04 09:53:48,tf,NFO,50402,241.35,-31.92,1704342228,,,,,,,,,
2024-01-04 09:53:49,tf,NFO,50402,243.10,-31.42,1704342229,,,,,,,,,
2024-01-04 09:53:49,tf,NFO,50402,243.35,-31.35,1704342229,4277265,242.90,243.45,765,225,263.83,,,
2024-01-04 09:53:50,tf,NFO,50402,242.40,-31.62,1704342230,4280085,242.20,242.65,15,30,263.82,,,
2024-01-04 09:53:50,tf,NFO,50402,242.50,-31.59,1704342230,,,,,,,,,
2024-01-04 09:53:51,tf,NFO,50402,241.70,-31.82,1704342231,4281750,241.80,242.25,495,90,263.81,,,
2024-01-04 09:53:51,tf,NFO,50402,243.00,-31.45,1704342231,,,,,,,,,
2024-01-04 09:53:52,tf,NFO,50402,242.60,-31.57,1704342232,4282575,242.30,242.60,15,735,,,,
2024-01-04 09:53:52,tf,NFO,50402,242.65,-31.55,1704342232,,,,,,,,,
2024-01-04 09:53:53,tf,NFO,50402,242.00,-31.73,1704342233,4284900,242.05,242.50,225,15,263.79,,,
2024-01-04 09:53:53,tf,NFO,50402,242.95,-31.47,1704342233,,,,,,,,,
2024-01-04 09:53:54,tf,NFO,50402,243.35,-31.35,1704342234,4286010,243.05,243.40,45,270,,,,
2024-01-04 09:53:54,tf,NFO,50402,242.85,-31.50,1704342234,,,,,,,,,
2024-01-04 09:53:55,tf,NFO,50402,243.65,-31.27,1704342235,,,,,,,,,
2024-01-04 09:53:56,tf,NFO,50402,242.60,-31.57,1704342236,4289025,242.55,243.10,690,285,263.77,,,
2024-01-04 09:53:56,tf,NFO,50402,243.20,-31.40,1704342236,,,,,,,,,
2024-01-04 09:53:57,tf,NFO,50402,242.60,-31.57,1704342237,4291110,242.05,242.60,300,510,263.76,,,
2024-01-04 09:53:57,tf,NFO,50402,242.85,-31.50,1704342237,,,,,,,,,
2024-01-04 09:53:58,tf,NFO,50402,242.95,-31.47,1704342238,4291620,242.95,243.25,30,15,,,,
2024-01-04 09:53:58,tf,NFO,50402,242.50,-31.59,1704342238,,,,,,,,,
2024-01-04 09:53:59,tf,NFO,50402,242.75,-31.52,1704342239,4295685,243.20,243.35,105,,263.74,,,
2024-01-04 09:53:59,tf,NFO,50402,242.80,-31.51,1704342239,,,,,,,,,
2024-01-04 09:54:00,tf,NFO,50402,245.20,-30.83,1704342240,,,,,,,,,
2024-01-04 09:54:00,tf,NFO,50402,245.80,-30.66,1704342240,4298175,245.60,246.00,300,,263.73,,,
2024-01-04 09:54:01,tf,NFO,50402,246.45,-30.48,1704342241,4299540,246.05,246.45,45,30,263.72,,,
2024-01-04 09:54:01,tf,NFO,50402,246.65,-30.42,1704342241,,,,,,,,,
2024-01-04 09:54:02,tf,NFO,50402,246.75,-30.39,1704342242,4300020,246.45,246.85,30,45,,,,
2024-01-04 09:54:02,tf,NFO,50402,247.00,-30.32,1704342242,,,,,,,,,
2024-01-04 09:54:03,tf,NFO,50402,246.20,-30.55,1704342243,4301325,245.85,246.35,75,345,,,,
2024-01-04 09:54:03,tf,NFO,50402,245.85,-30.65,1704342243,,,,,,,,,
2024-01-04 09:54:04,tf,NFO,50402,245.75,-30.68,1704342244,4302375,246.35,246.85,510,225,263.71,,,
2024-01-04 09:54:04,tf,NFO,50402,246.80,-30.38,1704342244,,,,,,,,,
2024-01-04 09:54:05,tf,NFO,50402,245.20,-30.83,1704342245,4303320,245.45,246.00,285,45,,,,
2024-01-04 09:54:05,tf,NFO,50402,245.15,-30.85,1704342245,,,,,,,,,
2024-01-04 09:54:06,tf,NFO,50402,246.10,-30.58,1704342246,4304400,246.45,246.65,150,150,263.70,,,
2024-01-04 09:54:06,tf,NFO,50402,246.70,-30.41,1704342246,,,,,,,,,
2024-01-04 09:54:07,tf,NFO,50402,246.15,-30.56,1704342247,,,,,,,,,
2024-01-04 09:54:08,tf,NFO,50402,246.25,-30.54,1704342247,4304895,245.80,246.35,135,285,,,,
2024-01-04 09:54:08,tf,NFO,50402,245.95,-30.62,1704342248,4305765,,246.25,435,15,,,,
2024-01-04 09:54:08,tf,NFO,50402,246.00,-30.61,1704342248,,,,,,,,,
2024-01-04 09:54:09,tf,NFO,50402,246.75,-30.39,1704342249,4307085,246.25,246.75,150,195,263.69,,,
2024-01-04 09:54:09,tf,NFO,50402,246.10,-30.58,1704342249,,,,,,,,,
2024-01-04 09:54:10,tf,NFO,50402,245.85,-30.65,1704342250,4307670,245.55,245.95,210,75,,,,
2024-01-04 09:54:10,tf,NFO,50402,245.50,-30.75,1704342250,,,,,,,,,
2024-01-04 09:54:11,tf,NFO,50402,245.65,-30.71,1704342251,4307910,,246.05,75,450,,,,
2024-01-04 09:54:11,tf,NFO,50402,246.00,-30.61,1704342251,,,,,,,,,
2024-01-04 09:54:12,tf,NFO,50402,246.55,-30.45,1704342252,,,,,,,,,
2024-01-04 09:54:13,tf,NFO,50402,246.00,-30.61,1704342253,4308180,245.40,245.85,15,390,,,,
2024-01-04 09:54:13,tf,NFO,50402,245.15,-30.85,1704342253,,,,,,,,,
2024-01-04 09:54:14,tf,NFO,50402,244.25,-31.10,1704342254,4309650,243.75,244.25,75,75,263.68,,,
2024-01-04 09:54:14,tf,NFO,50402,244.20,-31.11,1704342254,,,,,,,,,
2024-01-04 09:54:15,tf,NFO,50402,245.45,-30.76,1704342255,4310550,245.20,245.70,90,405,,,,
2024-01-04 09:54:16,tf,NFO,50402,245.00,-30.89,1704342256,,,,,,,,,
2024-01-04 09:54:17,tf,NFO,50402,244.60,-31.00,1704342257,4317255,244.45,244.80,,,263.65,,,
2024-01-04 09:54:17,tf,NFO,50402,244.10,-31.14,1704342257,,,,,,,,,
2024-01-04 09:54:18,tf,NFO,50402,242.80,-31.51,1704342258,4332105,242.80,243.30,45,45,263.58,,,
2024-01-04 09:54:18,tf,NFO,50402,242.55,-31.58,1704342258,,,,,,,,,
2024-01-04 09:54:19,tf,NFO,50402,242.65,-31.55,1704342259,4338045,242.65,243.10,75,270,263.55,,,
2024-01-04 09:54:19,tf,NFO,50402,243.10,-31.42,1704342259,,,,,,,,,
2024-01-04 09:54:20,tf,NFO,50402,242.50,-31.59,1704342260,4342815,242.80,243.25,45,300,263.53,,,
2024-01-04 09:54:20,tf,NFO,50402,243.40,-31.34,1704342260,,,,,,,,,
2024-01-04 09:54:21,tf,NFO,50402,245.00,-30.89,1704342261,4344855,244.55,245.00,30,15,263.52,,,
2024-01-04 09:54:21,tf,NFO,50402,244.40,-31.06,1704342261,,,,,,,,,
2024-01-04 09:54:22,tf,NFO,50402,245.10,-30.86,1704342262,,,,,,,,,
2024-01-04 09:54:23,tf,NFO,50402,246.65,-30.42,1704342263,,,,,,,,,
2024-01-04 09:54:24,tf,NFO,50402,246.60,-30.44,1704342264,4349415,246.40,246.80,585,420,263.50,,,
2024-01-04 09:54:24,tf,NFO,50402,246.55,-30.45,1704342264,,,,,,,,,
2024-01-04 09:54:25,tf,NFO,50402,246.40,-30.49,1704342265,4352430,246.35,,30,465,263.49,,,
2024-01-04 09:54:25,tf,NFO,50402,246.35,-30.51,1704342265,,,,,,,,,
2024-01-04 09:54:26,tf,NFO,50402,246.80,-30.38,1704342266,4352985,246.60,,45,420,,,,
2024-01-04 09:54:26,tf,NFO,50402,246.90,-30.35,1704342266,,,,,,,,,
2024-01-04 09:54:27,tf,NFO,50402,246.40,-30.49,1704342267,4353885,246.35,246.85,315,225,263.48,,,
2024-01-04 09:54:27,tf,NFO,50402,246.10,-30.58,1704342267,,,,,,,,,
2024-01-04 09:54:28,tf,NFO,50402,246.15,-30.56,1704342268,4354770,245.65,246.20,630,330,,,,
2024-01-04 09:54:29,tf,NFO,50402,246.40,-30.49,1704342269,,,,,,,,,
2024-01-04 09:54:30,tf,NFO,50402,245.90,-30.63,1704342270,4355820,245.55,245.85,15,225,,,,
2024-01-04 09:54:30,tf,NFO,50402,245.80,-30.66,1704342270,,,,,,,,,
2024-01-04 09:54:31,tf,NFO,50402,245.40,-30.78,1704342271,4356120,245.40,245.80,240,15,263.47,,,
2024-01-04 09:54:31,tf,NFO,50402,245.30,-30.80,1704342271,,,,,,,,,
2024-01-04 09:54:32,tf,NFO,50402,245.65,-30.71,1704342272,4356750,245.20,245.70,255,60,,,,
2024-01-04 09:54:32,tf,NFO,50402,245.25,-30.82,1704342272,,,,,,,,,
2024-01-04 09:54:33,tf,NFO,50402,245.85,-30.65,1704342273,4357005,245.45,245.85,,15,,,,
2024-01-04 09:54:34,tf,NFO,50402,245.50,-30.75,1704342274,,,,,,,,,
2024-01-04 09:54:35,tf,NFO,50402,245.70,-30.69,1704342275,,,,,,,,,
2024-01-04 09:54:36,tf,NFO,50402,246.25,-30.54,1704342276,4357200,245.85,246.25,15,,,,,
2024-01-04 09:54:37,tf,NFO,50402,245.75,-30.68,1704342277,4357785,245.60,246.05,225,135,,,,
2024-01-04 09:54:37,tf,NFO,50402,246.00,-30.61,1704342277,,,,,,,,,
2024-01-04 09:54:38,tf,NFO,50402,246.15,-30.56,1704342278,4358460,245.75,246.20,135,15,,,,
2024-01-04 09:54:38,tf,NFO,50402,245.80,-30.66,1704342278,,,,,,,,,
2024-01-04 09:54:39,tf,NFO,50402,246.40,-30.49,1704342279,4358835,245.95,246.25,15,30,263.46,,,
2024-01-04 09:54:40,tf,NFO,50402,246.15,-30.56,1704342280,4359435,245.55,246.00,,15,,,,
2024-01-04 09:54:41,tf,NFO,50402,245.35,-30.79,1704342281,4360740,245.00,245.50,270,210,,,,
2024-01-04 09:54:41,tf,NFO,50402,245.45,-30.76,1704342281,,,,,,,,,
2024-01-04 09:54:42,tf,NFO,50402,245.20,-30.83,1704342282,,,,,,,,,
2024-01-04 09:54:43,tf,NFO,50402,245.45,-30.76,1704342283,4361145,245.05,245.25,,75,,,,
2024-01-04 09:54:43,tf,NFO,50402,245.35,-30.79,1704342283,,,,,,,,,
2024-01-04 09:54:45,tf,NFO,50402,245.10,-30.86,1704342285,4362525,244.70,245.15,15,240,,,,
2024-01-04 09:54:45,tf,NFO,50402,244.90,-30.92,1704342285,,,,,,,,,
2024-01-04 09:54:46,tf,NFO,50402,244.30,-31.09,1704342286,4364340,243.85,244.25,75,300,263.44,,,
2024-01-04 09:54:46,tf,NFO,50402,243.75,-31.24,1704342286,,,,,,,,,
2024-01-04 09:54:47,tf,NFO,50402,243.85,-31.21,1704342287,4364940,243.65,244.15,240,75,,,,
2024-01-04 09:54:47,tf,NFO,50402,243.70,-31.26,1704342287,,,,,,,,,
2024-01-04 09:54:48,tf,NFO,50402,244.75,-30.96,1704342288,4366140,244.30,244.75,30,45,263.43,,,
2024-01-04 09:54:48,tf,NFO,50402,244.65,-30.99,1704342288,,,,,,,,,
2024-01-04 09:54:49,tf,NFO,50402,244.25,-31.10,1704342289,,,,,,,,,
2024-01-04 09:54:50,tf,NFO,50402,244.95,-30.90,1704342290,4366530,244.60,244.95,,390,,,,
2024-01-04 09:54:50,tf,NFO,50402,245.05,-30.87,1704342290,4366710,,244.90,,240,,,,
2024-01-04 09:54:50,tf,NFO,50402,244.65,-30.99,1704342290,,,,,,,,,
2024-01-04 09:54:51,tf,NFO,50402,243.80,-31.23,1704342291,4369875,243.35,243.85,390,555,263.42,,,
2024-01-04 09:54:51,tf,NFO,50402,243.85,-31.21,1704342291,,,,,,,,,
2024-01-04 09:54:52,tf,NFO,50402,243.40,-31.34,1704342292,4370085,243.05,243.40,45,120,263.41,,,
2024-01-04 09:54:53,tf,NFO,50402,243.00,-31.45,1704342293,4371075,,,60,45,,,,
2024-01-04 09:54:53,tf,NFO,50402,243.90,-31.20,1704342293,,,,,,,,,
2024-01-04 09:54:54,tf,NFO,50402,243.75,-31.24,1704342294,4371255,243.40,243.75,210,15,,,,
2024-01-04 09:54:54,tf,NFO,50402,243.15,-31.41,1704342294,,,,,,,,,
2024-01-04 09:54:55,tf,NFO,50402,244.45,-31.04,1704342295,4371870,244.05,244.45,90,150,,,,
2024-01-04 09:54:56,tf,NFO,50402,244.40,-31.06,1704342296,,,,,,,,,
2024-01-04 09:54:57,tf,NFO,50402,244.00,-31.17,1704342297,4372065,244.15,244.65,90,60,,,,
2024-01-04 09:54:57,tf,NFO,50402,244.80,-30.94,1704342297,,,,,,,,,
2024-01-04 09:54:58,tf,NFO,50402,244.85,-30.93,1704342298,4372215,244.70,244.95,75,15,,,,
2024-01-04 09:54:59,tf,NFO,50402,244.45,-31.04,1704342299,4372320,244.55,,90,195,263.40,,,
2024-01-04 09:54:59,tf,NFO,50402,244.95,-30.90,1704342299,,,,,,,,,
2024-01-04 09:55:00,tf,NFO,50402,245.90,-30.63,1704342300,4373040,245.40,245.85,345,30,,,,
2024-01-04 09:55:00,tf,NFO,50402,244.90,-30.92,1704342300,,,,,,,,,
2024-01-04 09:55:01,tf,NFO,50402,244.30,-31.09,1704342301,4374300,244.15,244.65,60,165,,,,
2024-01-04 09:55:02,tf,NFO,50402,244.40,-31.06,1704342301,,,,,,,,,
2024-01-04 09:55:02,tf,NFO,50402,245.65,-30.71,1704342302,4375290,245.15,245.65,105,60,263.39,,,
2024-01-04 09:55:03,tf,NFO,50402,245.70,-30.69,1704342302,,,,,,,,,
2024-01-04 09:55:04,tf,NFO,50402,245.85,-30.65,1704342303,,,,,,,,,
2024-01-04 09:55:04,tf,NFO,50402,245.10,-30.86,1704342304,4376415,244.90,245.25,45,480,,,,
2024-01-04 09:55:04,tf,NFO,50402,245.95,-30.62,1704342304,4376805,245.35,245.90,255,270,,,,
2024-01-04 09:55:05,tf,NFO,50402,245.90,-30.63,1704342304,,,,,,,,,
2024-01-04 09:55:05,tf,NFO,50402,245.15,-30.85,1704342305,4377810,244.70,245.10,60,75,263.38,,,
2024-01-04 09:55:06,tf,NFO,50402,244.75,-30.96,1704342305,,,,,,,,,
2024-01-04 09:55:06,tf,NFO,50402,243.50,-31.31,1704342306,4380285,243.30,243.70,390,210,263.37,,,
2024-01-04 09:55:07,tf,NFO,50402,243.30,-31.37,1704342306,,,,,,,,,
2024-01-04 09:55:08,tf,NFO,50402,242.85,-31.50,1704342307,,,,,,,,,
2024-01-04 09:55:08,tf,NFO,50402,242.45,-31.61,1704342308,4381890,242.40,242.65,15,105,263.36,,,
2024-01-04 09:55:08,tf,NFO,50402,242.85,-31.50,1704342308,4384065,,242.85,120,,263.35,,,
2024-01-04 09:55:09,tf,NFO,50402,242.45,-31.61,1704342309,4384470,,242.95,75,225,,,,
2024-01-04 09:55:10,tf,NFO,50402,242.65,-31.55,1704342310,,,,,,,,,
2024-01-04 09:55:10,tf,NFO,50402,243.20,-31.40,1704342310,4386120,242.85,243.20,390,30,263.34,,,
2024-01-04 09:55:11,tf,NFO,50402,243.15,-31.41,1704342311,,,,,,,,,
2024-01-04 09:55:11,tf,NFO,50402,243.25,-31.38,1704342311,4386585,243.15,243.65,450,135,,,,
2024-01-04 09:55:12,tf,NFO,50402,243.60,-31.28,1704342312,,,,,,,,,
2024-01-04 09:55:13,tf,NFO,50402,243.05,-31.44,1704342313,,,,,,,,,
2024-01-04 09:55:13,tf,NFO,50402,243.40,-31.34,1704342313,4387560,242.85,243.30,270,90,,,,
2024-01-04 09:55:14,tf,NFO,50402,243.05,-31.44,1704342314,,,,,,,,,
2024-01-04 09:55:14,tf,NFO,50402,242.90,-31.48,1704342314,4387800,242.40,242.80,,30,,,,
2024-01-04 09:55:15,tf,NFO,50402,242.80,-31.51,1704342315,,,,,,,,,
2024-01-04 09:55:16,tf,NFO,50402,243.25,-31.38,1704342316,,,,,,,,,
2024-01-04 09:55:16,tf,NFO,50402,243.10,-31.42,1704342316,4389150,243.05,243.55,150,180,,,,
2024-01-04 09:55:18,tf,NFO,50402,243.85,-31.21,1704342318,,,,,,,,,
2024-01-04 09:55:18,tf,NFO,50402,243.45,-31.33,1704342318,4389540,243.35,243.85,,75,,,,
2024-01-04 09:55:18,tf,NFO,50402,243.65,-31.27,1704342318,4389765,243.20,243.65,255,150,,,,
2024-01-04 09:55:19,tf,NFO,50402,243.70,-31.26,1704342319,,,,,,,,,
2024-01-04 09:55:19,tf,NFO,50402,243.75,-31.24,1704342319,4389900,243.50,243.70,60,90,,,,
2024-01-04 09:55:20,tf,NFO,50402,243.95,-31.18,1704342320,,,,,,,,,
2024-01-04 09:55:20,tf,NFO,50402,243.90,-31.20,1704342320,4390860,243.90,244.35,225,45,263.32,,,
2024-01-04 09:55:22,tf,NFO,50402,244.20,-31.11,1704342322,,,,,,,,,
2024-01-04 09:55:22,tf,NFO,50402,244.40,-31.06,1704342322,4391925,244.10,244.50,60,105,,,,
2024-01-04 09:55:23,tf,NFO,50402,244.60,-31.00,1704342323,,,,,,,,,
2024-01-04 09:55:24,tf,NFO,50402,244.75,-30.96,1704342324,,,,,,,,,
2024-01-04 09:55:24,tf,NFO,50402,244.55,-31.02,1704342324,4393140,244.40,,30,285,263.31,,,
2024-01-04 09:55:25,tf,NFO,50402,244.60,-31.00,1704342325,,,,,,,,,
2024-01-04 09:55:25,tf,NFO,50402,244.85,-30.93,1704342325,4393665,,244.90,105,150,,,,
2024-01-04 09:55:26,tf,NFO,50402,244.35,-31.07,1704342326,4394385,244.00,244.20,15,15,,,,
2024-01-04 09:55:27,tf,NFO,50402,244.20,-31.11,1704342327,4394610,,,75,165,,,,
2024-01-04 09:55:29,tf,NFO,50402,243.60,-31.28,1704342329,,,,,,,,,
2024-01-04 09:55:29,tf,NFO,50402,243.45,-31.33,1704342329,4395075,243.45,243.75,135,120,263.30,,,
2024-01-04 09:55:29,tf,NFO,50402,243.30,-31.37,1704342329,4395315,243.10,243.30,15,180,,,,
2024-01-04 09:55:30,tf,NFO,50402,243.40,-31.34,1704342330,4396500,243.00,243.45,345,30,,,,
2024-01-04 09:55:31,tf,NFO,50402,243.30,-31.37,1704342331,,,,,,,,,
2024-01-04 09:55:31,tf,NFO,50402,243.00,-31.45,1704342331,4397580,242.85,243.10,15,660,263.29,,,
2024-01-04 09:55:32,tf,NFO,50402,242.95,-31.47,1704342332,4398585,242.55,242.95,135,120,,,,
2024-01-04 09:55:33,tf,NFO,50402,242.50,-31.59,1704342333,,,,,,,,,
2024-01-04 09:55:34,tf,NFO,50402,242.45,-31.61,1704342334,,,,,,,,,
2024-01-04 09:55:34,tf,NFO,50402,242.60,-31.57,1704342334,4399050,242.55,243.00,165,,,,,
2024-01-04 09:55:35,tf,NFO,50402,242.90,-31.48,1704342335,,,,,,,,,
2024-01-04 09:55:35,tf,NFO,50402,242.55,-31.58,1704342335,4399920,242.75,243.10,210,15,263.28,,,
2024-01-04 09:55:36,tf,NFO,50402,242.60,-31.57,1704342336,,,,,,,,,
2024-01-04 09:55:36,tf,NFO,50402,243.05,-31.44,1704342336,4400400,242.55,243.05,60,150,,,,
2024-01-04 09:55:37,tf,NFO,50402,242.50,-31.59,1704342337,4400625,242.40,242.85,15,135,,,,
2024-01-04 09:55:39,tf,NFO,50402,242.80,-31.51,1704342339,,,,,,,,,
2024-01-04 09:55:39,tf,NFO,50402,242.70,-31.54,1704342339,4401420,242.20,242.70,15,,263.27,,,
2024-01-04 09:55:41,tf,NFO,50402,242.35,-31.64,1704342341,,,,,,,,,
2024-01-04 09:55:41,tf,NFO,50402,242.90,-31.48,1704342341,4402035,242.45,242.95,300,330,,,,
2024-01-04 09:55:42,tf,NFO,50402,242.55,-31.58,1704342342,4402335,242.65,243.15,90,210,,,,
2024-01-04 09:55:43,tf,NFO,50402,243.15,-31.41,1704342343,,,,,,,,,
2024-01-04 09:55:43,tf,NFO,50402,243.00,-31.45,1704342343,4402440,243.00,243.45,315,270,,,,
2024-01-04 09:55:44,tf,NFO,50402,243.10,-31.42,1704342344,,,,,,,,,
2024-01-04 09:55:44,tf,NFO,50402,243.05,-31.44,1704342344,4402665,243.05,243.55,105,60,,,,
2024-01-04 09:55:46,tf,NFO,50402,243.60,-31.28,1704342346,,,,,,,,,
2024-01-04 09:55:46,tf,NFO,50402,244.05,-31.16,1704342346,4403325,243.90,244.40,810,,,,,
2024-01-04 09:55:47,tf,NFO,50402,243.85,-31.21,1704342347,4404075,243.75,244.20,795,,263.26,,,
2024-01-04 09:55:48,tf,NFO,50402,244.65,-30.99,1704342348,,,,,,,,,
2024-01-04 09:55:48,tf,NFO,50402,243.35,-31.35,1704342348,4404540,243.30,243.80,420,15,,,,
2024-01-04 09:55:49,tf,NFO,50402,244.00,-31.17,1704342349,,,,,,,,,
2024-01-04 09:55:49,tf,NFO,50402,243.70,-31.26,1704342349,4404840,243.25,243.75,180,45,,,,
2024-01-04 09:55:50,tf,NFO,50402,243.45,-31.33,1704342350,4404855,243.20,243.65,15,240,,,,
2024-01-04 09:55:52,tf,NFO,50402,243.25,-31.38,1704342352,,,,,,,,,
2024-01-04 09:55:52,tf,NFO,50402,243.80,-31.23,1704342352,4405305,,243.70,300,300,,,,
2024-01-04 09:55:52,tf,NFO,50402,244.30,-31.09,1704342352,4405350,243.90,244.35,15,105,,,,
2024-01-04 09:55:53,tf,NFO,50402,244.40,-31.06,1704342353,,,,,,,,,
2024-01-04 09:55:54,tf,NFO,50402,244.10,-31.14,1704342354,,,,,,,,,
2024-01-04 09:55:55,tf,NFO,50402,243.90,-31.20,1704342355,4405695,243.95,244.30,165,15,263.25,,,
2024-01-04 09:55:56,tf,NFO,50402,243.80,-31.23,1704342356,4405785,243.15,243.65,30,90,,,,
2024-01-04 09:55:57,tf,NFO,50402,243.65,-31.27,1704342357,,,,,,,,,
2024-01-04 09:55:57,tf,NFO,50402,243.20,-31.40,1704342357,4406805,243.10,243.50,75,165,,,,
2024-01-04 09:55:59,tf,NFO,50402,243.65,-31.27,1704342359,,,,,,,,,
2024-01-04 09:55:59,tf,NFO,50402,243.30,-31.37,1704342359,4407165,243.00,243.35,570,195,,,,
2024-01-04 09:56:00,tf,NFO,50402,243.00,-31.45,1704342360,,,,,,,,,
2024-01-04 09:56:00,tf,NFO,50402,243.30,-31.37,1704342360,4407240,243.10,243.55,210,45,,,,
2024-01-04 09:56:01,tf,NFO,50402,243.40,-31.34,1704342361,,,,,,,,,
2024-01-04 09:56:01,tf,NFO,50402,243.35,-31.35,1704342361,4408350,,243.60,30,690,263.24,,,
2024-01-04 09:56:02,tf,NFO,50402,243.00,-31.45,1704342362,4409385,242.80,243.35,510,285,,,,
2024-01-04 09:56:03,tf,NFO,50402,242.70,-31.54,1704342363,4409640,242.70,242.90,360,150,,,,
2024-01-04 09:56:04,tf,NFO,50402,242.90,-31.48,1704342364,,,,,,,,,
2024-01-04 09:56:05,tf,NFO,50402,243.30,-31.37,1704342365,,,,,,,,,
2024-01-04 09:56:05,tf,NFO,50402,242.70,-31.54,1704342365,4409955,242.70,243.10,300,180,,,,
2024-01-04 09:56:06,tf,NFO,50402,243.30,-31.37,1704342366,,,,,,,,,
2024-01-04 09:56:06,tf,NFO,50402,243.45,-31.33,1704342366,4410180,243.00,243.45,150,435,263.23,,,
2024-01-04 09:56:07,tf,NFO,50402,243.65,-31.27,1704342367,4410555,243.05,243.55,120,210,,,,
2024-01-04 09:56:08,tf,NFO,50402,243.60,-31.28,1704342368,4410750,243.00,243.45,210,300,,,,
2024-01-04 09:56:09,tf,NFO,50402,243.00,-31.45,1704342369,4410825,,243.25,120,225,,,,
2024-01-04 09:56:10,tf,NFO,50402,243.40,-31.34,1704342370,,,,,,,,,
2024-01-04 09:56:10,tf,NFO,50402,243.00,-31.45,1704342370,4410930,,243.05,90,900,,,,
2024-01-04 09:56:11,tf,NFO,50402,243.05,-31.44,1704342371,4411500,242.80,,105,6735,,,,
2024-01-04 09:56:12,tf,NFO,50402,242.55,-31.58,1704342372,,,,,,,,,
2024-01-04 09:56:12,tf,NFO,50402,243.05,-31.44,1704342372,4412280,242.75,,120,7995,,,,
2024-01-04 09:56:14,tf,NFO,50402,243.00,-31.45,1704342374,,,,,,,,,
2024-01-04 09:56:15,tf,NFO,50402,242.65,-31.55,1704342375,4421055,242.60,243.05,210,,263.18,,,
2024-01-04 09:56:16,tf,NFO,50402,242.55,-31.58,1704342376,,,,,,,,,
2024-01-04 09:56:16,tf,NFO,50402,242.50,-31.59,1704342376,4421730,242.40,242.60,240,15,,,,
2024-01-04 09:56:17,tf,NFO,50402,242.60,-31.57,1704342377,,,,,,,,,
2024-01-04 09:56:17,tf,NFO,50402,242.85,-31.50,1704342377,4421940,,242.75,,180,,,,
2024-01-04 09:56:18,tf,NFO,50402,242.40,-31.62,1704342378,,,,,,,,,
2024-01-04 09:56:18,tf,NFO,50402,241.90,-31.76,1704342378,4425885,241.40,241.90,375,330,263.16,,,
2024-01-04 09:56:19,tf,NFO,50402,242.00,-31.73,1704342379,,,,,,,,,
2024-01-04 09:56:19,tf,NFO,50402,242.45,-31.61,1704342379,4427745,241.95,242.45,285,240,263.15,,,
2024-01-04 09:56:21,tf,NFO,50402,242.25,-31.66,1704342380,4428240,241.75,242.20,240,225,,,,
2024-01-04 09:56:22,tf,NFO,50402,241.60,-31.85,1704342382,4428300,241.50,241.95,15,90,,,,
2024-01-04 09:56:23,tf,NFO,50402,241.65,-31.83,1704342383,,,,,,,,,
2024-01-04 09:56:23,tf,NFO,50402,242.20,-31.68,1704342383,4428390,241.85,242.20,105,60,,,,
2024-01-04 09:56:23,tf,NFO,50402,241.70,-31.82,1704342383,4428645,241.35,241.75,90,15,,,,
2024-01-04 09:56:24,tf,NFO,50402,241.80,-31.79,1704342384,,,,,,,,,
2024-01-04 09:56:24,tf,NFO,50402,241.25,-31.95,1704342384,4431270,240.95,241.25,105,,263.14,,,
2024-01-04 09:56:25,tf,NFO,50402,241.20,-31.96,1704342385,,,,,,,,,
2024-01-04 09:56:25,tf,NFO,50402,241.10,-31.99,1704342385,4431420,241.00,241.50,135,255,263.13,,,
2024-01-04 09:56:26,tf,NFO,50402,241.20,-31.96,1704342386,,,,,,,,,
2024-01-04 09:56:26,tf,NFO,50402,241.35,-31.92,1704342386,4431900,,241.35,,135,,,,
2024-01-04 09:56:27,tf,NFO,50402,241.15,-31.97,1704342387,,,,,,,,,
2024-01-04 09:56:28,tf,NFO,50402,238.95,-32.60,1704342388,4442205,238.60,238.95,15,,263.08,,,
2024-01-04 09:56:29,tf,NFO,50402,237.45,-33.02,1704342389,,,,,,,,,
2024-01-04 09:56:29,tf,NFO,50402,237.25,-33.07,1704342389,4446330,237.25,237.80,30,150,263.05,,,
2024-01-04 09:56:29,tf,NFO,50402,235.65,-33.53,1704342389,4469955,235.10,235.60,225,420,262.90,,233.00,
2024-01-04 09:56:30,tf,NFO,50402,235.50,-33.57,1704342390,,,,,,,1239510,,
2024-01-04 09:56:30,tf,NFO,50402,235.65,-33.53,1704342390,4471920,235.45,235.90,120,210,262.89,,,
2024-01-04 09:56:31,tf,NFO,50402,235.80,-33.48,1704342391,,,,,,,,,
2024-01-04 09:56:31,tf,NFO,50402,236.00,-33.43,1704342391,4473855,,235.95,165,225,262.88,,,
2024-01-04 09:56:32,tf,NFO,50402,235.40,-33.60,1704342392,,,,,,,,,
2024-01-04 09:56:33,tf,NFO,50402,235.75,-33.50,1704342393,4476840,235.30,235.80,405,105,262.86,,,
2024-01-04 09:56:34,tf,NFO,50402,235.55,-33.55,1704342394,,,,,,,,,
2024-01-04 09:56:34,tf,NFO,50402,236.25,-33.36,1704342394,4478955,236.05,236.25,90,15,262.85,,,
2024-01-04 09:56:34,tf,NFO,50402,237.10,-33.12,1704342394,4480065,236.60,237.10,270,135,262.84,,,
2024-01-04 09:56:35,tf,NFO,50402,236.40,-33.31,1704342395,,,,,,,,,
2024-01-04 09:56:35,tf,NFO,50402,238.15,-32.82,1704342395,4481145,238.00,238.45,300,30,,,,
2024-01-04 09:56:36,tf,NFO,50402,238.50,-32.72,1704342396,,,,,,,,,
2024-01-04 09:56:37,tf,NFO,50402,238.35,-32.76,1704342397,4482945,237.90,238.40,225,435,262.83,,,
2024-01-04 09:56:38,tf,NFO,50402,239.00,-32.58,1704342398,,,,,,,,,
2024-01-04 09:56:38,tf,NFO,50402,239.45,-32.45,1704342398,4483545,239.05,239.55,105,270,262.82,,,
2024-01-04 09:56:38,tf,NFO,50402,240.05,-32.28,1704342398,4484175,240.00,240.25,195,15,,,,
2024-01-04 09:56:39,tf,NFO,50402,240.45,-32.17,1704342399,4484610,240.05,240.45,150,75,,,,
2024-01-04 09:56:40,tf,NFO,50402,240.65,-32.12,1704342400,,,,,,,,,
2024-01-04 09:56:40,tf,NFO,50402,240.40,-32.19,1704342400,4485840,240.30,240.75,30,225,262.81,,,
2024-01-04 09:56:41,tf,NFO,50402,240.75,-32.09,1704342401,,,,,,,,,
2024-01-04 09:56:42,tf,NFO,50402,241.95,-31.75,1704342402,4487160,241.50,241.95,150,90,,,,
2024-01-04 09:56:42,tf,NFO,50402,242.10,-31.71,1704342402,,,,,,,,,
2024-01-04 09:56:43,tf,NFO,50402,242.00,-31.73,1704342403,4488405,242.00,242.50,480,,262.80,,,
2024-01-04 09:56:44,tf,NFO,50402,242.90,-31.48,1704342404,,,,,,,,,
2024-01-04 09:56:44,tf,NFO,50402,242.00,-31.73,1704342404,4490400,241.95,242.45,90,555,262.79,,,
2024-01-04 09:56:45,tf,NFO,50402,242.20,-31.68,1704342405,,,,,,,,,
2024-01-04 09:56:46,tf,NFO,50402,242.85,-31.50,1704342406,4491900,242.55,242.95,75,15,262.78,,,
2024-01-04 09:56:47,tf,NFO,50402,245.40,-30.78,1704342407,,,,,,,,,
2024-01-04 09:56:47,tf,NFO,50402,245.45,-30.76,1704342407,4495725,245.40,245.70,15,195,262.77,,,
2024-01-04 09:56:48,tf,NFO,50402,245.05,-30.87,1704342408,,,,,,,,,
2024-01-04 09:56:49,tf,NFO,50402,246.00,-30.61,1704342409,,,,,,,,,
2024-01-04 09:56:49,tf,NFO,50402,246.15,-30.56,1704342409,4499040,245.55,246.05,90,300,,,,
2024-01-04 09:56:49,tf,NFO,50402,245.50,-30.75,1704342409,4500480,245.05,245.55,510,30,262.75,,,
2024-01-04 09:56:50,tf,NFO,50402,245.90,-30.63,1704342410,,,,,,,,,
2024-01-04 09:56:50,tf,NFO,50402,245.05,-30.87,1704342410,4501575,244.55,245.10,255,360,,,,
2024-01-04 09:56:51,tf,NFO,50402,245.30,-30.80,1704342411,4502085,244.80,245.35,630,270,262.74,,,
2024-01-04 09:56:52,tf,NFO,50402,244.95,-30.90,1704342412,,,,,,,,,
2024-01-04 09:56:52,tf,NFO,50402,245.25,-30.82,1704342412,4504875,245.10,245.55,195,75,262.73,,,
2024-01-04 09:56:53,tf,NFO,50402,245.35,-30.79,1704342413,,,,,,,,,
2024-01-04 09:56:54,tf,NFO,50402,244.75,-30.96,1704342414,4512420,244.40,244.80,15,450,262.70,,,
2024-01-04 09:56:55,tf,NFO,50402,243.70,-31.26,1704342415,4512945,243.45,243.90,210,45,,,,
2024-01-04 09:56:55,tf,NFO,50402,243.90,-31.20,1704342415,,,,,,,,,
2024-01-04 09:56:56,tf,NFO,50402,244.60,-31.00,1704342416,,,,,,,,,
2024-01-04 09:56:56,tf,NFO,50402,244.45,-31.04,1704342416,4513515,244.55,245.00,15,150,,,,
2024-01-04 09:56:56,tf,NFO,50402,245.45,-30.76,1704342416,4513590,244.95,245.40,150,90,,,,
2024-01-04 09:56:57,tf,NFO,50402,245.50,-30.75,1704342417,4513710,245.15,245.55,135,45,,,,
2024-01-04 09:56:58,tf,NFO,50402,245.00,-30.89,1704342418,4514445,244.40,244.90,75,240,,,,
2024-01-04 09:56:59,tf,NFO,50402,245.25,-30.82,1704342419,,,,,,,,,
2024-01-04 09:57:00,tf,NFO,50402,244.70,-30.97,1704342420,4516230,244.65,245.10,90,45,262.69,,,
2024-01-04 09:57:01,tf,NFO,50402,244.65,-30.99,1704342421,,,,,,,,,
2024-01-04 09:57:01,tf,NFO,50402,244.70,-30.97,1704342421,4517220,244.75,245.00,105,15,262.68,,,
2024-01-04 09:57:01,tf,NFO,50402,245.05,-30.87,1704342421,4517655,245.15,245.50,45,600,,,,
2024-01-04 09:57:02,tf,NFO,50402,245.35,-30.79,1704342422,,,,,,,,,
2024-01-04 09:57:02,tf,NFO,50402,244.95,-30.90,1704342422,4517940,244.70,244.95,30,285,,,,
2024-01-04 09:57:03,tf,NFO,50402,244.45,-31.04,1704342423,,,,,,,,,
2024-01-04 09:57:03,tf,NFO,50402,243.45,-31.33,1704342423,4519980,243.55,244.05,150,225,262.67,,,
2024-01-04 09:57:04,tf,NFO,50402,243.95,-31.18,1704342424,,,,,,,,,
2024-01-04 09:57:05,tf,NFO,50402,243.50,-31.31,1704342425,4520415,243.50,243.95,360,15,,,,
2024-01-04 09:57:06,tf,NFO,50402,243.80,-31.23,1704342426,4520760,243.30,243.80,210,60,,,,
2024-01-04 09:57:07,tf,NFO,50402,244.10,-31.14,1704342427,,,,,,,,,
2024-01-04 09:57:07,tf,NFO,50402,244.40,-31.06,1704342427,4521555,244.50,244.90,195,105,,,,
2024-01-04 09:57:08,tf,NFO,50402,244.15,-31.13,1704342428,,,,,,,,,
2024-01-04 09:57:09,tf,NFO,50402,243.65,-31.27,1704342429,,,,,,,,,
2024-01-04 09:57:11,tf,NFO,50402,245.00,-30.89,1704342431,4522005,244.50,245.00,240,1830,,,,
2024-01-04 09:57:12,tf,NFO,50402,244.75,-30.96,1704342432,4524015,244.25,244.75,45,75,262.66,,,
2024-01-04 09:57:12,tf,NFO,50402,243.95,-31.18,1704342432,4524345,243.90,244.40,150,105,,,,
2024-01-04 09:57:13,tf,NFO,50402,243.90,-31.20,1704342433,,,,,,,,,
2024-01-04 09:57:13,tf,NFO,50402,244.35,-31.07,1704342433,4524585,243.65,244.15,15,90,,,,
2024-01-04 09:57:14,tf,NFO,50402,244.25,-31.10,1704342434,,,,,,,,,
2024-01-04 09:57:14,tf,NFO,50402,244.90,-30.92,1704342434,4525995,244.95,245.35,210,930,262.65,,,
2024-01-04 09:57:15,tf,NFO,50402,244.95,-30.90,1704342435,,,,,,,,,
2024-01-04 09:57:16,tf,NFO,50402,246.20,-30.55,1704342436,4528635,245.65,246.20,435,195,262.64,,,
2024-01-04 09:57:17,tf,NFO,50402,245.85,-30.65,1704342437,,,,,,,,,
2024-01-04 09:57:17,tf,NFO,50402,246.25,-30.54,1704342437,4528995,245.55,245.95,15,270,,,,
2024-01-04 09:57:17,tf,NFO,50402,245.35,-30.79,1704342437,4529805,245.30,245.80,195,45,,,,
2024-01-04 09:57:18,tf,NFO,50402,245.40,-30.78,1704342438,4529985,245.00,245.50,1260,225,262.63,,,
2024-01-04 09:57:19,tf,NFO,50402,245.65,-30.71,1704342439,,,,,,,,,
2024-01-04 09:57:20,tf,NFO,50402,245.10,-30.86,1704342440,4537725,244.55,245.00,390,150,262.60,,,
2024-01-04 09:57:21,tf,NFO,50402,244.90,-30.92,1704342441,,,,,,,,,
2024-01-04 09:57:21,tf,NFO,50402,244.35,-31.07,1704342441,4539045,244.30,244.85,435,510,,,,
2024-01-04 09:57:22,tf,NFO,50402,244.90,-30.92,1704342442,,,,,,,,,
2024-01-04 09:57:22,tf,NFO,50402,245.45,-30.76,1704342442,4539195,244.95,245.45,375,75,,,,
2024-01-04 09:57:23,tf,NFO,50402,245.20,-30.83,1704342443,,,,,,,,,
2024-01-04 09:57:24,tf,NFO,50402,245.60,-30.72,1704342444,4539705,,245.50,,375,,,,
2024-01-04 09:57:25,tf,NFO,50402,245.35,-30.79,1704342445,,,,,,,,,
2024-01-04 09:57:26,tf,NFO,50402,245.80,-30.66,1704342446,,,,,,,,,
2024-01-04 09:57:26,tf,NFO,50402,245.75,-30.68,1704342446,4540725,,,,15,262.59,,,
2024-01-04 09:57:26,tf,NFO,50402,245.20,-30.83,1704342446,4540830,245.00,245.30,345,420,,,,
2024-01-04 09:57:27,tf,NFO,50402,245.25,-30.82,1704342447,4541055,245.20,245.70,165,450,,,,
2024-01-04 09:57:28,tf,NFO,50402,245.55,-30.73,1704342448,,,,,,,,,
2024-01-04 09:57:28,tf,NFO,50402,244.90,-30.92,1704342448,4541460,244.85,245.15,180,15,,,,
2024-01-04 09:57:29,tf,NFO,50402,244.95,-30.90,1704342449,,,,,,,,,
2024-01-04 09:57:29,tf,NFO,50402,244.45,-31.04,1704342449,4542195,244.05,244.40,75,,,,,
2024-01-04 09:57:30,tf,NFO,50402,244.90,-30.92,1704342450,,,,,,,,,
2024-01-04 09:57:31,tf,NFO,50402,244.60,-31.00,1704342451,,,,,,,,,
2024-01-04 09:57:32,tf,NFO,50402,243.60,-31.28,1704342452,,,,,,,,,
2024-01-04 09:57:32,tf,NFO,50402,243.75,-31.24,1704342452,4543350,243.60,243.90,255,5385,262.58,,,
2024-01-04 09:57:33,tf,NFO,50402,243.50,-31.31,1704342453,,,,,,,,,
2024-01-04 09:57:34,tf,NFO,50402,242.95,-31.47,1704342454,,,,,,,,,
2024-01-04 09:57:34,tf,NFO,50402,243.00,-31.45,1704342454,4544490,242.70,243.00,150,1020,,,,
2024-01-04 09:57:35,tf,NFO,50402,242.60,-31.57,1704342455,,,,,,,,,
2024-01-04 09:57:35,tf,NFO,50402,242.75,-31.52,1704342455,4544925,,242.95,210,15,,,,
2024-01-04 09:57:35,tf,NFO,50402,242.20,-31.68,1704342455,4545375,242.20,242.70,285,240,262.57,,,
2024-01-04 09:57:36,tf,NFO,50402,241.70,-31.82,1704342456,4547025,241.25,241.65,15,555,,,,
2024-01-04 09:57:37,tf,NFO,50402,241.55,-31.86,1704342457,,,,,,,,,
2024-01-04 09:57:37,tf,NFO,50402,240.15,-32.26,1704342457,4548960,239.85,240.35,195,480,262.56,,,
2024-01-04 09:57:38,tf,NFO,50402,240.25,-32.23,1704342458,,,,,,,,,
2024-01-04 09:57:39,tf,NFO,50402,239.45,-32.45,1704342459,,,,,,,,,
2024-01-04 09:57:40,tf,NFO,50402,239.10,-32.55,1704342460,,,,,,,,,
2024-01-04 09:57:41,tf,NFO,50402,238.45,-32.74,1704342461,,,,,,,,,
2024-01-04 09:57:41,tf,NFO,50402,238.10,-32.83,1704342461,4551810,238.05,238.45,465,15,262.54,,,
2024-01-04 09:57:41,tf,NFO,50402,238.05,-32.85,1704342461,4552365,237.75,238.00,240,105,,,,
2024-01-04 09:57:42,tf,NFO,50402,237.15,-33.10,1704342462,,,,,,,,,
2024-01-04 09:57:42,tf,NFO,50402,236.65,-33.24,1704342462,4554345,236.25,236.65,45,195,262.53,,,
2024-01-04 09:57:43,tf,NFO,50402,236.15,-33.39,1704342463,,,,,,,,,
2024-01-04 09:57:43,tf,NFO,50402,236.30,-33.34,1704342463,4555515,235.85,236.05,225,15,262.52,,,
2024-01-04 09:57:44,tf,NFO,50402,236.05,-33.41,1704342464,,,,,,,,,
2024-01-04 09:57:45,tf,NFO,50402,236.40,-33.31,1704342465,,,,,,,,,
2024-01-04 09:57:45,tf,NFO,50402,236.50,-33.29,1704342465,4556145,236.40,236.65,210,,,,,
2024-01-04 09:57:46,tf,NFO,50402,236.10,-33.40,1704342466,,,,,,,,,
2024-01-04 09:57:47,tf,NFO,50402,235.80,-33.48,1704342467,,,,,,,,,
2024-01-04 09:57:47,tf,NFO,50402,236.35,-33.33,1704342467,4559055,236.05,236.50,60,90,262.50,,,
2024-01-04 09:57:47,tf,NFO,50402,236.20,-33.37,1704342467,4559220,236.20,236.70,315,120,,,,
2024-01-04 09:57:48,tf,NFO,50402,236.00,-33.43,1704342468,,,,,,,,,
2024-01-04 09:57:48,tf,NFO,50402,235.80,-33.48,1704342468,4560375,235.45,235.85,15,30,262.49,,,
2024-01-04 09:57:49,tf,NFO,50402,235.50,-33.57,1704342469,,,,,,,,,
2024-01-04 09:57:50,tf,NFO,50402,235.65,-33.53,1704342470,,,,,,,,,
2024-01-04 09:57:51,tf,NFO,50402,234.35,-33.89,1704342471,,,,,,,,,
2024-01-04 09:57:51,tf,NFO,50402,234.15,-33.95,1704342471,4569135,234.15,234.65,255,45,262.44,,,
2024-01-04 09:57:52,tf,NFO,50402,233.80,-34.05,1704342472,,,,,,,,,
2024-01-04 09:57:52,tf,NFO,50402,234.35,-33.89,1704342472,4571655,234.20,,210,,262.43,,,
2024-01-04 09:57:53,tf,NFO,50402,234.25,-33.92,1704342473,,,,,,,,,
2024-01-04 09:57:53,tf,NFO,50402,234.35,-33.89,1704342473,4572675,233.85,234.35,255,30,262.42,,,
2024-01-04 09:57:54,tf,NFO,50402,233.80,-34.05,1704342474,,,,,,,,,
2024-01-04 09:57:55,tf,NFO,50402,233.40,-34.16,1704342475,,,,,,,,,
2024-01-04 09:57:55,tf,NFO,50402,233.80,-34.05,1704342475,4574370,233.60,234.15,105,135,262.41,,232.50,
2024-01-04 09:57:56,tf,NFO,50402,232.30,-34.47,1704342476,,,,,,,,,
2024-01-04 09:57:56,tf,NFO,50402,231.70,-34.64,1704342476,4576440,231.55,231.90,,150,262.39,,231.70,
2024-01-04 09:57:56,tf,NFO,50402,229.40,-35.29,1704342476,4594260,229.10,229.60,60,225,262.27,,227.80,
2024-01-04 09:57:57,tf,NFO,50402,230.25,-35.05,1704342477,,,,,,,,,
2024-01-04 09:57:57,tf,NFO,50402,228.85,-35.44,1704342477,4597365,228.80,229.30,405,90,262.25,,,
2024-01-04 09:57:58,tf,NFO,50402,229.60,-35.23,1704342478,,,,,,,,,
2024-01-04 09:57:58,tf,NFO,50402,229.40,-35.29,1704342478,4600470,228.60,229.10,345,45,262.22,,,
2024-01-04 09:57:59,tf,NFO,50402,229.15,-35.36,1704342479,,,,,,,,,
2024-01-04 09:57:59,tf,NFO,50402,222.70,-37.18,1704342479,4620435,223.05,223.50,165,450,262.06,,221.00,
2024-01-04 09:58:00,tf,NFO,50402,223.50,-36.95,1704342480,,,,,,,,,
2024-01-04 09:58:00,tf,NFO,50402,224.70,-36.61,1704342480,4626990,224.40,224.70,180,15,262.01,,,
2024-01-04 09:58:01,tf,NFO,50402,225.25,-36.46,1704342481,,,,,,,,,
2024-01-04 09:58:01,tf,NFO,50402,226.95,-35.98,1704342481,4630725,226.50,227.00,30,210,261.98,,,
2024-01-04 09:58:02,tf,NFO,50402,226.35,-36.15,1704342482,,,,,,,,,
2024-01-04 09:58:02,tf,NFO,50402,226.05,-36.23,1704342482,4635360,225.80,226.30,60,150,261.94,,,
2024-01-04 09:58:03,tf,NFO,50402,225.80,-36.30,1704342483,,,,,,,,,
2024-01-04 09:58:04,tf,NFO,50402,227.55,-35.81,1704342484,,,,,,,,,
2024-01-04 09:58:04,tf,NFO,50402,227.65,-35.78,1704342484,4640220,227.60,227.65,,15,261.90,,,
2024-01-04 09:58:04,tf,NFO,50402,227.70,-35.77,1704342484,4642065,,228.05,330,105,261.89,,,
2024-01-04 09:58:05,tf,NFO,50402,228.15,-35.64,1704342485,,,,,,,,,
2024-01-04 09:58:05,tf,NFO,50402,227.55,-35.81,1704342485,4643580,227.20,227.60,225,90,261.88,,,
2024-01-04 09:58:06,tf,NFO,50402,227.70,-35.77,1704342486,,,,,,,,,
2024-01-04 09:58:07,tf,NFO,50402,227.10,-35.94,1704342487,,,,,,,,,
2024-01-04 09:58:08,tf,NFO,50402,228.35,-35.59,1704342488,,,,,,,,,
2024-01-04 09:58:08,tf,NFO,50402,228.95,-35.42,1704342488,4648290,228.40,228.90,300,210,261.85,,,
2024-01-04 09:58:09,tf,NFO,50402,229.00,-35.40,1704342489,,,,,,,,,
2024-01-04 09:58:09,tf,NFO,50402,228.35,-35.59,1704342489,4650405,228.50,,360,15,261.83,,,
2024-01-04 09:58:10,tf,NFO,50402,228.10,-35.66,1704342490,,,,,,,,,
2024-01-04 09:58:10,tf,NFO,50402,227.90,-35.71,1704342490,4651680,227.60,228.05,75,210,261.82,,,
2024-01-04 09:58:11,tf,NFO,50402,228.70,-35.49,1704342491,,,,,,,,,
2024-01-04 09:58:11,tf,NFO,50402,228.35,-35.59,1704342491,4652880,227.90,228.35,105,240,261.81,,,
2024-01-04 09:58:11,tf,NFO,50402,229.65,-35.22,1704342491,4653810,228.80,229.30,315,60,,,,
2024-01-04 09:58:12,tf,NFO,50402,229.45,-35.28,1704342492,,,,,,,,,
2024-01-04 09:58:13,tf,NFO,50402,229.75,-35.19,1704342493,,,,,,,,,
2024-01-04 09:58:13,tf,NFO,50402,230.55,-34.96,1704342493,4656405,230.10,230.60,120,75,261.79,,,
2024-01-04 09:58:13,tf,NFO,50402,230.00,-35.12,1704342493,4657815,229.30,229.75,,180,261.78,,,
2024-01-04 09:58:14,tf,NFO,50402,228.60,-35.51,1704342494,4662870,228.90,229.40,30,255,261.74,,,
2024-01-04 09:58:15,tf,NFO,50402,230.50,-34.98,1704342495,,,,,,,,,
2024-01-04 09:58:15,tf,NFO,50402,232.70,-34.36,1704342495,4668330,232.70,233.00,75,60,261.71,,,
2024-01-04 09:58:16,tf,NFO,50402,231.25,-34.77,1704342496,,,,,,,,,
2024-01-04 09:58:16,tf,NFO,50402,231.55,-34.68,1704342496,4671720,231.55,232.00,240,45,261.69,,,
2024-01-04 09:58:17,tf,NFO,50402,232.00,-34.56,1704342497,,,,,,,,,
2024-01-04 09:58:18,tf,NFO,50402,233.85,-34.03,1704342498,,,,,,,,,
2024-01-04 09:58:18,tf,NFO,50402,233.50,-34.13,1704342498,4675080,232.95,233.40,195,15,261.67,,,
2024-01-04 09:58:19,tf,NFO,50402,232.90,-34.30,1704342499,,,,,,,,,
2024-01-04 09:58:19,tf,NFO,50402,232.80,-34.33,1704342499,4676355,232.50,232.95,255,60,261.66,,,
2024-01-04 09:58:20,tf,NFO,50402,232.10,-34.53,1704342500,,,,,,,,,
2024-01-04 09:58:20,tf,NFO,50402,232.65,-34.37,1704342500,4680090,232.20,232.75,345,120,261.63,,,
2024-01-04 09:58:21,tf,NFO,50402,232.50,-34.41,1704342501,,,,,,,,,
2024-01-04 09:58:21,tf,NFO,50402,232.60,-34.39,1704342501,4681695,232.45,,90,15,261.62,,,
2024-01-04 09:58:22,tf,NFO,50402,232.55,-34.40,1704342502,,,,,,,,,
2024-01-04 09:58:23,tf,NFO,50402,231.65,-34.65,1704342503,,,,,,,,,
2024-01-04 09:58:24,tf,NFO,50402,230.80,-34.89,1704342504,,,,,,,,,
2024-01-04 09:58:24,tf,NFO,50402,230.90,-34.87,1704342504,4685970,230.60,230.85,75,15,261.60,,,
2024-01-04 09:58:24,tf,NFO,50402,230.75,-34.91,1704342504,4686165,230.35,230.80,105,285,,,,
2024-01-04 09:58:25,tf,NFO,50402,231.70,-34.64,1704342505,4687185,231.20,231.65,75,180,261.59,,,
2024-01-04 09:58:26,tf,NFO,50402,231.25,-34.77,1704342506,,,,,,,,,
2024-01-04 09:58:27,tf,NFO,50402,229.95,-35.13,1704342507,,,,,,,,,
2024-01-04 09:58:27,tf,NFO,50402,229.25,-35.33,1704342507,4691220,228.90,229.25,225,255,261.56,,,
2024-01-04 09:58:28,tf,NFO,50402,230.65,-34.94,1704342508,,,,,,,,,
2024-01-04 09:58:29,tf,NFO,50402,230.70,-34.92,1704342509,,,,,,,,,
2024-01-04 09:58:29,tf,NFO,50402,230.35,-35.02,1704342509,4696560,230.00,230.35,315,225,261.53,,,
2024-01-04 09:58:29,tf,NFO,50402,229.35,-35.30,1704342509,4697865,229.30,229.80,90,195,261.52,,,
2024-01-04 09:58:30,tf,NFO,50402,229.20,-35.35,1704342510,,,,,,,,,
2024-01-04 09:58:31,tf,NFO,50402,229.55,-35.25,1704342511,,,,,,,,,
2024-01-04 09:58:31,tf,NFO,50402,228.60,-35.51,1704342511,4700655,228.35,228.70,105,315,,,,
2024-01-04 09:58:32,tf,NFO,50402,228.10,-35.66,1704342512,,,,,,,,,
2024-01-04 09:58:33,tf,NFO,50402,227.55,-35.81,1704342513,,,,,,,,,
2024-01-04 09:58:34,tf,NFO,50402,227.60,-35.80,1704342514,,,,,,,,,
2024-01-04 09:58:34,tf,NFO,50402,228.25,-35.61,1704342514,4705935,227.85,228.20,180,15,261.46,,,
2024-01-04 09:58:35,tf,NFO,50402,228.30,-35.60,1704342515,,,,,,,,,
2024-01-04 09:58:35,tf,NFO,50402,228.55,-35.53,1704342515,4707045,228.55,,510,210,261.45,,,
2024-01-04 09:58:36,tf,NFO,50402,228.95,-35.42,1704342516,,,,,,,,,
2024-01-04 09:58:36,tf,NFO,50402,229.25,-35.33,1704342516,4709280,229.00,229.45,450,225,261.44,,,
2024-01-04 09:58:37,tf,NFO,50402,229.75,-35.19,1704342517,,,,,,,,,
2024-01-04 09:58:37,tf,NFO,50402,230.20,-35.06,1704342517,4727355,230.15,230.60,30,180,261.32,,,
2024-01-04 09:58:38,tf,NFO,50402,230.50,-34.98,1704342518,,,,,,,,,
2024-01-04 09:58:38,tf,NFO,50402,229.70,-35.20,1704342518,4728330,229.20,229.65,225,90,261.31,,,
2024-01-04 09:58:39,tf,NFO,50402,229.95,-35.13,1704342519,4729380,229.60,229.95,480,150,261.30,,,
2024-01-04 09:58:40,tf,NFO,50402,229.70,-35.20,1704342520,,,,,,,,,
2024-01-04 09:58:41,tf,NFO,50402,229.10,-35.37,1704342520,4729875,229.15,229.60,45,1035,,,,
2024-01-04 09:58:41,tf,NFO,50402,229.60,-35.23,1704342521,,,,,,,,,
2024-01-04 09:58:42,tf,NFO,50402,229.15,-35.36,1704342522,,,,,,,,,
2024-01-04 09:58:42,tf,NFO,50402,229.05,-35.39,1704342522,4730670,228.80,229.25,375,150,,,,
2024-01-04 09:58:43,tf,NFO,50402,229.00,-35.40,1704342523,,,,,,,,,
2024-01-04 09:58:43,tf,NFO,50402,228.80,-35.46,1704342523,4730970,228.60,229.05,300,165,261.29,,,
2024-01-04 09:58:44,tf,NFO,50402,228.65,-35.50,1704342523,4731135,228.75,228.95,30,15,,,,
2024-01-04 09:58:45,tf,NFO,50402,227.75,-35.75,1704342525,4732440,227.85,228.25,135,75,261.28,,,
2024-01-04 09:58:45,tf,NFO,50402,228.00,-35.68,1704342525,,,,,,,,,
2024-01-04 09:58:46,tf,NFO,50402,228.50,-35.54,1704342526,,,,,,,,,
2024-01-04 09:58:47,tf,NFO,50402,227.80,-35.74,1704342527,,,,,,,,,
2024-01-04 09:58:48,tf,NFO,50402,228.05,-35.67,1704342528,,,,,,,,,
2024-01-04 09:58:49,tf,NFO,50402,228.35,-35.59,1704342529,,,,,,,,,
2024-01-04 09:58:49,tf,NFO,50402,228.25,-35.61,1704342529,4738455,228.10,228.50,135,150,261.24,,,
2024-01-04 09:58:50,tf,NFO,50402,228.55,-35.53,1704342530,4739070,228.00,228.30,120,15,,,,
2024-01-04 09:58:50,tf,NFO,50402,228.30,-35.60,1704342530,,,,,,,,,
2024-01-04 09:58:51,tf,NFO,50402,234.05,-33.98,1704342531,,,,,,,,,
2024-01-04 09:58:52,tf,NFO,50402,234.15,-33.95,1704342532,,,,,,,,,
2024-01-04 09:58:52,tf,NFO,50402,233.60,-34.10,1704342532,4745190,233.50,233.90,120,90,,,,
2024-01-04 09:58:53,tf,NFO,50402,233.75,-34.06,1704342533,,,,,,,,,
2024-01-04 09:58:54,tf,NFO,50402,233.05,-34.26,1704342534,4746885,232.45,232.90,30,30,261.19,,,
2024-01-04 09:58:54,tf,NFO,50402,232.50,-34.41,1704342534,,,,,,,,,
2024-01-04 09:58:55,tf,NFO,50402,232.95,-34.29,1704342535,4748835,232.30,232.75,225,90,261.18,,,
2024-01-04 09:58:55,tf,NFO,50402,232.80,-34.33,1704342535,,,,,,,,,
2024-01-04 09:58:56,tf,NFO,50402,232.75,-34.34,1704342536,,,,,,,,,
2024-01-04 09:58:56,tf,NFO,50402,233.15,-34.23,1704342536,4750470,232.85,233.25,195,15,261.17,,,
2024-01-04 09:58:57,tf,NFO,50402,233.60,-34.10,1704342537,,,,,,,,,
2024-01-04 09:58:58,tf,NFO,50402,232.30,-34.47,1704342538,,,,,,,,,
2024-01-04 09:58:58,tf,NFO,50402,232.70,-34.36,1704342538,4752255,232.05,232.60,375,360,,,,
2024-01-04 09:58:59,tf,NFO,50402,233.00,-34.27,1704342539,,,,,,,,,
2024-01-04 09:58:59,tf,NFO,50402,232.90,-34.30,1704342539,4753305,232.50,232.90,75,150,261.15,,,
2024-01-04 09:59:00,tf,NFO,50402,233.25,-34.20,1704342540,4754445,233.20,233.60,135,120,261.14,,,
2024-01-04 09:59:00,tf,NFO,50402,234.20,-33.94,1704342540,,,,,,,,,
2024-01-04 09:59:01,tf,NFO,50402,235.60,-33.54,1704342541,,,,,,,,,
2024-01-04 09:59:01,tf,NFO,50402,235.50,-33.57,1704342541,4757955,235.70,236.15,105,105,261.12,,,
2024-01-04 09:59:02,tf,NFO,50402,235.00,-33.71,1704342542,,,,,,,,,
2024-01-04 09:59:03,tf,NFO,50402,235.65,-33.53,1704342543,,,,,,,,,
2024-01-04 09:59:03,tf,NFO,50402,235.80,-33.48,1704342543,4761885,235.30,235.50,120,165,261.10,,,
2024-01-04 09:59:04,tf,NFO,50402,235.45,-33.58,1704342544,,,,,,,,,
2024-01-04 09:59:05,tf,NFO,50402,235.55,-33.55,1704342545,4764030,235.10,235.55,60,150,261.09,,,
2024-01-04 09:59:06,tf,NFO,50402,235.35,-33.61,1704342546,4765560,234.70,235.20,255,180,261.08,,,
2024-01-04 09:59:06,tf,NFO,50402,234.55,-33.84,1704342546,,,,,,,,,
2024-01-04 09:59:07,tf,NFO,50402,235.35,-33.61,1704342547,4769160,235.30,235.60,90,150,261.06,,,
2024-01-04 09:59:07,tf,NFO,50402,235.85,-33.47,1704342547,,,,,,,,,
2024-01-04 09:59:08,tf,NFO,50402,235.05,-33.70,1704342548,,,,,,,,,
2024-01-04 09:59:08,tf,NFO,50402,235.35,-33.61,1704342548,4771080,235.00,235.45,195,105,261.05,,,
2024-01-04 09:59:09,tf,NFO,50402,234.50,-33.85,1704342549,,,,,,,,,
2024-01-04 09:59:10,tf,NFO,50402,233.70,-34.08,1704342550,4774620,233.60,234.05,30,30,261.03,,,
2024-01-04 09:59:10,tf,NFO,50402,234.00,-33.99,1704342550,,,,,,,,,
2024-01-04 09:59:11,tf,NFO,50402,234.90,-33.74,1704342551,4775310,234.50,234.90,195,450,,,,
2024-01-04 09:59:11,tf,NFO,50402,234.40,-33.88,1704342551,,,,,,,,,
2024-01-04 09:59:12,tf,NFO,50402,233.65,-34.09,1704342552,4776780,233.10,233.60,420,30,261.02,,,
2024-01-04 09:59:13,tf,NFO,50402,232.55,-34.40,1704342553,,,,,,,,,
2024-01-04 09:59:14,tf,NFO,50402,232.40,-34.44,1704342554,4778625,232.35,232.85,210,15,261.01,,,
2024-01-04 09:59:15,tf,NFO,50402,232.95,-34.29,1704342555,4779465,232.40,,240,75,,,,
2024-01-04 09:59:16,tf,NFO,50402,232.70,-34.36,1704342556,,,,,,,,,
2024-01-04 09:59:17,tf,NFO,50402,232.05,-34.54,1704342557,4780350,232.00,232.25,705,255,,,,
2024-01-04 09:59:18,tf,NFO,50402,232.00,-34.56,1704342558,4782705,231.80,232.20,195,300,260.99,,,
2024-01-04 09:59:18,tf,NFO,50402,231.65,-34.65,1704342558,,,,,,,,,
2024-01-04 09:59:19,tf,NFO,50402,232.05,-34.54,1704342559,4784040,231.35,231.60,255,15,260.98,,,
2024-01-04 09:59:19,tf,NFO,50402,231.50,-34.70,1704342559,,,,,,,,,
2024-01-04 09:59:20,tf,NFO,50402,231.60,-34.67,1704342560,4784730,231.60,231.95,30,30,260.97,,,
2024-01-04 09:59:21,tf,NFO,50402,232.75,-34.34,1704342561,,,,,,,,,
2024-01-04 09:59:22,tf,NFO,50402,231.45,-34.71,1704342562,,,,,,,,,
2024-01-04 09:59:22,tf,NFO,50402,230.25,-35.05,1704342562,4787745,230.30,230.75,45,90,260.96,,,
2024-01-04 09:59:23,tf,NFO,50402,230.90,-34.87,1704342563,4788195,,230.70,225,165,260.95,,,
2024-01-04 09:59:23,tf,NFO,50402,230.75,-34.91,1704342563,,,,,,,,,
2024-01-04 09:59:24,tf,NFO,50402,230.55,-34.96,1704342564,4788675,230.20,230.35,150,15,,,,
2024-01-04 09:59:24,tf,NFO,50402,230.35,-35.02,1704342564,,,,,,,,,
2024-01-04 09:59:25,tf,NFO,50402,230.20,-35.06,1704342565,,,,,,,,,
2024-01-04 09:59:25,tf,NFO,50402,229.85,-35.16,1704342565,4791555,229.85,230.25,135,75,260.93,,,
2024-01-04 09:59:26,tf,NFO,50402,230.35,-35.02,1704342566,,,,,,,,,
2024-01-04 09:59:27,tf,NFO,50402,231.15,-34.80,1704342567,,,,,,,,,
2024-01-04 09:59:27,tf,NFO,50402,230.80,-34.89,1704342567,4793730,230.30,230.75,300,180,260.92,,,
2024-01-04 09:59:28,tf,NFO,50402,230.85,-34.88,1704342568,4794345,230.50,231.00,225,15,260.91,,,
2024-01-04 09:59:28,tf,NFO,50402,230.55,-34.96,1704342568,,,,,,,,,
2024-01-04 09:59:29,tf,NFO,50402,231.90,-34.58,1704342569,4795395,231.80,232.20,60,345,,,,
2024-01-04 09:59:29,tf,NFO,50402,232.40,-34.44,1704342569,,,,,,,,,
2024-01-04 09:59:30,tf,NFO,50402,233.45,-34.15,1704342570,,,,,,,,,
2024-01-04 09:59:30,tf,NFO,50402,233.10,-34.25,1704342570,4797330,233.00,233.45,495,105,260.90,,,
2024-01-04 09:59:31,tf,NFO,50402,232.90,-34.30,1704342571,,,,,,,1258875,,
2024-01-04 09:59:32,tf,NFO,50402,232.80,-34.33,1704342572,,,,,,,,,
2024-01-04 09:59:32,tf,NFO,50402,233.10,-34.25,1704342572,4798200,232.45,232.90,270,135,,,,
2024-01-04 09:59:33,tf,NFO,50402,232.35,-34.46,1704342573,4798305,232.35,232.80,420,210,,,,
2024-01-04 09:59:33,tf,NFO,50402,233.10,-34.25,1704342573,,,,,,,,,
2024-01-04 09:59:34,tf,NFO,50402,232.85,-34.32,1704342574,,,,,,,,,
2024-01-04 09:59:35,tf,NFO,50402,232.20,-34.50,1704342575,,,,,,,,,
2024-01-04 09:59:35,tf,NFO,50402,232.45,-34.43,1704342575,4799595,232.25,232.60,,195,260.88,,,
2024-01-04 09:59:36,tf,NFO,50402,232.25,-34.49,1704342576,,,,,,,,,
2024-01-04 09:59:36,tf,NFO,50402,232.60,-34.39,1704342576,4800810,,232.75,180,75,,,,
2024-01-04 09:59:37,tf,NFO,50402,232.80,-34.33,1704342577,4801365,232.75,233.15,330,15,260.87,,,
2024-01-04 09:59:38,tf,NFO,50402,233.20,-34.22,1704342578,4802955,232.80,233.05,180,,260.86,,,
2024-01-04 09:59:39,tf,NFO,50402,233.80,-34.05,1704342579,,,,,,,,,
2024-01-04 09:59:40,tf,NFO,50402,233.10,-34.25,1704342580,4805325,232.70,233.15,255,120,260.85,,,
2024-01-04 09:59:40,tf,NFO,50402,232.60,-34.39,1704342580,,,,,,,,,
2024-01-04 09:59:41,tf,NFO,50402,232.50,-34.41,1704342581,4805700,232.00,232.15,30,15,,,,
2024-01-04 09:59:41,tf,NFO,50402,232.15,-34.51,1704342581,,,,,,,,,
2024-01-04 09:59:42,tf,NFO,50402,232.35,-34.46,1704342582,,,,,,,,,
2024-01-04 09:59:42,tf,NFO,50402,232.50,-34.41,1704342582,4810725,231.90,232.35,195,285,260.82,,,
2024-01-04 09:59:43,tf,NFO,50402,232.00,-34.56,1704342583,,,,,,,,,
2024-01-04 09:59:43,tf,NFO,50402,231.75,-34.63,1704342583,4811640,232.00,232.40,30,150,260.81,,,
2024-01-04 09:59:44,tf,NFO,50402,232.25,-34.49,1704342584,4812300,232.15,232.50,300,60,,,,
2024-01-04 09:59:45,tf,NFO,50402,232.50,-34.41,1704342585,4812360,232.00,232.35,240,15,,,,
2024-01-04 09:59:46,tf,NFO,50402,232.75,-34.34,1704342586,4813095,232.25,232.75,135,195,260.80,,,
2024-01-04 09:59:47,tf,NFO,50402,233.80,-34.05,1704342587,,,,,,,,,
2024-01-04 09:59:48,tf,NFO,50402,234.15,-33.95,1704342588,,,,,,,,,
2024-01-04 09:59:49,tf,NFO,50402,234.05,-33.98,1704342589,,,,,,,,,
2024-01-04 09:59:49,tf,NFO,50402,234.00,-33.99,1704342589,4816875,233.60,234.10,285,180,260.78,,,
2024-01-04 09:59:50,tf,NFO,50402,234.05,-33.98,1704342590,4816920,233.50,233.80,780,15,,,,
2024-01-04 09:59:50,tf,NFO,50402,233.55,-34.12,1704342590,,,,,,,,,
2024-01-04 09:59:51,tf,NFO,50402,233.05,-34.26,1704342591,,,,,,,,,
2024-01-04 09:59:52,tf,NFO,50402,233.50,-34.13,1704342592,,,,,,,,,
2024-01-04 09:59:52,tf,NFO,50402,233.80,-34.05,1704342592,4818960,233.40,233.90,360,225,,,,
2024-01-04 09:59:53,tf,NFO,50402,233.00,-34.27,1704342593,,,,,,,,,
2024-01-04 09:59:53,tf,NFO,50402,233.30,-34.19,1704342593,4819695,232.95,233.25,150,195,,,,
2024-01-04 09:59:54,tf,NFO,50402,233.20,-34.22,1704342594,4819950,232.80,233.10,30,210,260.76,,,
2024-01-04 09:59:55,tf,NFO,50402,232.85,-34.32,1704342595,4820310,232.60,232.90,180,45,,,,
2024-01-04 09:59:56,tf,NFO,50402,232.55,-34.40,1704342596,4820340,232.50,232.80,240,60,,,,
2024-01-04 09:59:57,tf,NFO,50402,232.90,-34.30,1704342597,,,,,,,,,
2024-01-04 09:59:57,tf,NFO,50402,233.00,-34.27,1704342597,4820820,232.90,233.10,195,15,,,,
2024-01-04 09:59:58,tf,NFO,50402,232.70,-34.36,1704342598,,,,,,,,,
2024-01-04 09:59:58,tf,NFO,50402,231.35,-34.74,1704342598,4822320,231.85,232.30,30,30,260.75,,,
2024-01-04 09:59:59,tf,NFO,50402,232.10,-34.53,1704342599,,,,,,,,,
2024-01-04 09:59:59,tf,NFO,50402,232.00,-34.56,1704342599,4822410,232.00,232.20,15,180,,,,
2024-01-04 10:00:00,tf,NFO,50402,231.05,-34.82,1704342600,4824240,231.25,231.75,,270,260.74,,,
2024-01-04 10:00:01,tf,NFO,50402,231.55,-34.68,1704342601,,,,,,,,,
2024-01-04 10:00:01,tf,NFO,50402,231.25,-34.77,1704342601,4824645,231.00,231.40,75,30,,,,
2024-01-04 10:00:02,tf,NFO,50402,231.00,-34.84,1704342602,,,,,,,,,
2024-01-04 10:00:03,tf,NFO,50402,229.85,-35.16,1704342603,,,,,,,,,
2024-01-04 10:00:03,tf,NFO,50402,228.20,-35.63,1704342603,4829145,228.00,228.25,1005,15,260.71,,,
2024-01-04 10:00:04,tf,NFO,50402,226.90,-35.99,1704342604,4833480,227.00,227.45,225,30,260.68,,,
2024-01-04 10:00:05,tf,NFO,50402,226.65,-36.06,1704342605,4834965,226.50,226.90,60,45,260.67,,,
2024-01-04 10:00:05,tf,NFO,50402,225.75,-36.32,1704342605,,,,,,,,,
2024-01-04 10:00:06,tf,NFO,50402,225.25,-36.46,1704342606,4839885,224.80,225.30,150,30,260.63,,,
2024-01-04 10:00:06,tf,NFO,50402,224.60,-36.64,1704342606,,,,,,,,,
2024-01-04 10:00:07,tf,NFO,50402,225.95,-36.26,1704342607,4841430,224.95,225.35,90,210,260.62,,,
2024-01-04 10:00:07,tf,NFO,50402,225.55,-36.38,1704342607,,,,,,,,,
2024-01-04 10:00:08,tf,NFO,50402,226.45,-36.12,1704342608,,,,,,,,,
2024-01-04 10:00:08,tf,NFO,50402,226.65,-36.06,1704342608,4843005,225.65,226.05,180,330,260.61,,,
2024-01-04 10:00:09,tf,NFO,50402,226.50,-36.11,1704342609,,,,,,,,,
2024-01-04 10:00:09,tf,NFO,50402,227.10,-35.94,1704342609,4844040,226.75,227.15,165,300,260.60,,,
2024-01-04 10:00:10,tf,NFO,50402,227.60,-35.80,1704342610,4844730,227.10,227.55,,360,,,,
2024-01-04 10:00:10,tf,NFO,50402,227.20,-35.91,1704342610,,,,,,,,,
2024-01-04 10:00:11,tf,NFO,50402,227.80,-35.74,1704342611,,,,,,,,,
2024-01-04 10:00:11,tf,NFO,50402,227.50,-35.83,1704342611,4846290,227.25,227.75,195,165,260.59,,,
2024-01-04 10:00:12,tf,NFO,50402,226.60,-36.08,1704342612,,,,,,,,,
2024-01-04 10:00:12,tf,NFO,50402,226.75,-36.04,1704342612,4847055,226.30,226.75,45,15,260.58,,,
2024-01-04 10:00:13,tf,NFO,50402,226.15,-36.21,1704342613,,,,,,,,,
2024-01-04 10:00:13,tf,NFO,50402,226.75,-36.04,1704342613,4848180,226.40,226.80,405,45,260.57,,,
2024-01-04 10:00:14,tf,NFO,50402,225.55,-36.38,1704342614,,,,,,,,,
2024-01-04 10:00:14,tf,NFO,50402,226.10,-36.22,1704342614,4850880,225.90,226.30,105,75,260.55,,,
2024-01-04 10:00:15,tf,NFO,50402,225.90,-36.28,1704342615,4851135,226.00,226.45,135,180,,,,
2024-01-04 10:00:15,tf,NFO,50402,225.65,-36.35,1704342615,,,,,,,,,
2024-01-04 10:00:16,tf,NFO,50402,225.90,-36.28,1704342616,4852755,225.50,226.00,45,270,260.54,,,
2024-01-04 10:00:17,tf,NFO,50402,225.35,-36.43,1704342617,,,,,,,,,
2024-01-04 10:00:17,tf,NFO,50402,224.90,-36.56,1704342617,4855980,224.35,224.75,180,135,260.52,,,
2024-01-04 10:00:18,tf,NFO,50402,223.00,-37.09,1704342618,,,,,,,,,
2024-01-04 10:00:18,tf,NFO,50402,221.90,-37.40,1704342618,4858920,222.85,223.25,75,120,260.49,,,
2024-01-04 10:00:19,tf,NFO,50402,222.45,-37.25,1704342619,4861095,222.55,222.85,195,75,260.48,,,
2024-01-04 10:00:19,tf,NFO,50402,222.50,-37.24,1704342619,,,,,,,,,
2024-01-04 10:00:20,tf,NFO,50402,219.25,-38.15,1704342620,4880025,218.85,219.35,135,285,260.32,,218.00,
2024-01-04 10:00:20,tf,NFO,50402,219.20,-38.17,1704342620,,,,,,,,,
2024-01-04 10:00:21,tf,NFO,50402,220.15,-37.90,1704342621,4884765,220.00,220.40,360,225,260.28,,,
2024-01-04 10:00:21,tf,NFO,50402,220.30,-37.86,1704342621,,,,,,,,,
2024-01-04 10:00:22,tf,NFO,50402,219.20,-38.17,1704342622,4888755,219.30,219.80,240,15,260.25,,,
2024-01-04 10:00:22,tf,NFO,50402,220.20,-37.88,1704342622,,,,,,,,,
2024-01-04 10:00:23,tf,NFO,50402,219.90,-37.97,1704342623,4891995,219.75,220.20,210,225,260.22,,,
2024-01-04 10:00:23,tf,NFO,50402,219.75,-38.01,1704342623,,,,,,,,,
2024-01-04 10:00:24,tf,NFO,50402,220.20,-37.88,1704342624,,,,,,,,,
2024-01-04 10:00:24,tf,NFO,50402,220.55,-37.79,1704342624,4895085,220.10,220.45,195,15,260.20,,,
2024-01-04 10:00:25,tf,NFO,50402,219.20,-38.17,1704342625,,,,,,,,,
2024-01-04 10:00:25,tf,NFO,50402,218.95,-38.24,1704342625,4898820,218.95,219.30,450,45,260.17,,,
2024-01-04 10:00:26,tf,NFO,50402,217.95,-38.52,1704342626,,,,,,,,,
2024-01-04 10:00:27,tf,NFO,50402,220.00,-37.94,1704342627,4910745,219.35,219.95,120,210,260.07,,,
2024-01-04 10:00:27,tf,NFO,50402,219.55,-38.07,1704342627,,,,,,,,,
2024-01-04 10:00:28,tf,NFO,50402,219.95,-37.95,1704342628,,,,,,,,,
2024-01-04 10:00:28,tf,NFO,50402,219.55,-38.07,1704342628,4914525,219.50,219.85,255,105,260.03,,,
2024-01-04 10:00:29,tf,NFO,50402,220.45,-37.81,1704342629,,,,,,,,,
2024-01-04 10:00:29,tf,NFO,50402,220.50,-37.80,1704342629,4916385,220.50,220.95,165,75,260.02,,,
2024-01-04 10:00:30,tf,NFO,50402,221.25,-37.59,1704342630,,,,,,,,,
2024-01-04 10:00:30,tf,NFO,50402,221.15,-37.62,1704342630,4919400,220.55,221.00,150,240,260.00,,,
2024-01-04 10:00:31,tf,NFO,50402,219.50,-38.08,1704342631,4922340,219.50,219.75,105,15,259.97,,,
2024-01-04 10:00:32,tf,NFO,50402,219.60,-38.05,1704342632,,,,,,,,,
2024-01-04 10:00:33,tf,NFO,50402,222.00,-37.38,1704342633,,,,,,,,,
2024-01-04 10:00:33,tf,NFO,50402,222.75,-37.17,1704342633,4929285,222.20,222.70,60,285,259.92,,,
2024-01-04 10:00:34,tf,NFO,50402,222.80,-37.15,1704342634,4931145,222.75,223.05,195,45,259.90,,,
2024-01-04 10:00:34,tf,NFO,50402,222.50,-37.24,1704342634,,,,,,,,,
2024-01-04 10:00:35,tf,NFO,50402,223.50,-36.95,1704342635,4932300,223.60,224.10,585,225,259.89,,,
2024-01-04 10:00:35,tf,NFO,50402,223.60,-36.93,1704342635,,,,,,,,,
2024-01-04 10:00:36,tf,NFO,50402,224.50,-36.67,1704342636,4934040,224.45,224.80,90,30,259.88,,,
2024-01-04 10:00:37,tf,NFO,50402,223.00,-37.09,1704342637,4937340,223.00,223.45,345,90,259.86,,,
2024-01-04 10:00:37,tf,NFO,50402,223.20,-37.04,1704342637,,,,,,,,,
2024-01-04 10:00:38,tf,NFO,50402,223.50,-36.95,1704342638,4939125,223.20,223.65,270,225,259.84,,,
2024-01-04 10:00:39,tf,NFO,50402,223.00,-37.09,1704342639,,,,,,,,,
2024-01-04 10:00:40,tf,NFO,50402,224.35,-36.71,1704342640,,,,,,,,,
2024-01-04 10:00:40,tf,NFO,50402,224.50,-36.67,1704342640,4943460,224.25,224.70,45,75,259.81,,,
2024-01-04 10:00:41,tf,NFO,50402,224.30,-36.73,1704342641,4943820,223.45,223.90,345,45,,,,
2024-01-04 10:00:42,tf,NFO,50402,224.05,-36.80,1704342642,4944930,224.00,224.50,420,405,259.80,,,
2024-01-04 10:00:42,tf,NFO,50402,224.45,-36.69,1704342642,,,,,,,,,
2024-01-04 10:00:43,tf,NFO,50402,223.00,-37.09,1704342643,,,,,,,,,
2024-01-04 10:00:43,tf,NFO,50402,222.65,-37.19,1704342643,4946955,222.65,223.10,135,210,259.79,,,
2024-01-04 10:00:44,tf,NFO,50402,221.75,-37.45,1704342644,,,,,,,,,
2024-01-04 10:00:44,tf,NFO,50402,221.85,-37.42,1704342644,4950975,221.50,221.95,150,15,259.76,,,
2024-01-04 10:00:45,tf,NFO,50402,222.25,-37.31,1704342645,4954575,222.25,222.70,30,225,259.73,,,
2024-01-04 10:00:45,tf,NFO,50402,222.20,-37.32,1704342645,,,,,,,,,
2024-01-04 10:00:46,tf,NFO,50402,221.70,-37.46,1704342646,4958340,221.10,221.50,255,15,259.70,,,
2024-01-04 10:00:46,tf,NFO,50402,221.55,-37.50,1704342646,,,,,,,,,
2024-01-04 10:00:47,tf,NFO,50402,221.00,-37.66,1704342647,,,,,,,,,
2024-01-04 10:00:48,tf,NFO,50402,221.50,-37.52,1704342648,,,,,,,,,
2024-01-04 10:00:48,tf,NFO,50402,221.40,-37.55,1704342648,4966350,221.35,221.55,1035,15,259.64,,,
2024-01-04 10:00:49,tf,NFO,50402,221.15,-37.62,1704342649,,,,,,,,,
2024-01-04 10:00:49,tf,NFO,50402,221.60,-37.49,1704342649,4969455,221.10,221.45,255,105,259.61,,,
2024-01-04 10:00:50,tf,NFO,50402,222.05,-37.36,1704342650,4970100,221.50,221.95,390,150,,,,
2024-01-04 10:00:51,tf,NFO,50402,221.80,-37.43,1704342651,4971315,221.35,221.80,150,30,259.60,,,
2024-01-04 10:00:52,tf,NFO,50402,221.40,-37.55,1704342652,,,,,,,,,
2024-01-04 10:00:52,tf,NFO,50402,221.65,-37.48,1704342652,4972125,221.15,221.60,15,240,259.59,,,
2024-01-04 10:00:53,tf,NFO,50402,221.15,-37.62,1704342653,,,,,,,,,
2024-01-04 10:00:53,tf,NFO,50402,221.40,-37.55,1704342653,4972275,221.20,221.65,165,75,,,,
2024-01-04 10:00:54,tf,NFO,50402,223.25,-37.02,1704342654,4972980,222.35,222.75,60,345,,,,
2024-01-04 10:00:54,tf,NFO,50402,222.35,-37.28,1704342654,,,,,,,,,
2024-01-04 10:00:55,tf,NFO,50402,223.05,-37.08,1704342655,4973565,223.30,223.75,240,45,259.58,,,
2024-01-04 10:00:56,tf,NFO,50402,222.50,-37.24,1704342656,4974390,222.50,222.95,15,150,,,,
2024-01-04 10:00:57,tf,NFO,50402,222.20,-37.32,1704342657,,,,,,,,,
2024-01-04 10:00:57,tf,NFO,50402,222.45,-37.25,1704342657,4975140,222.00,222.45,345,135,259.57,,,
2024-01-04 10:00:58,tf,NFO,50402,223.55,-36.94,1704342658,4981425,222.95,223.50,150,645,259.52,,,
2024-01-04 10:00:59,tf,NFO,50402,223.90,-36.84,1704342659,4982730,223.20,223.65,600,90,,,,
2024-01-04 10:01:00,tf,NFO,50402,224.10,-36.78,1704342660,,,,,,,,,
2024-01-04 10:01:00,tf,NFO,50402,223.85,-36.85,1704342660,4984785,223.45,223.95,15,60,259.50,,,
2024-01-04 10:01:01,tf,NFO,50402,223.60,-36.93,1704342661,4985025,223.60,223.85,180,30,,,,
2024-01-04 10:01:02,tf,NFO,50402,224.15,-36.77,1704342662,4985775,223.65,223.90,210,15,259.49,,,
2024-01-04 10:01:02,tf,NFO,50402,223.90,-36.84,1704342662,,,,,,,,,
2024-01-04 10:01:03,tf,NFO,50402,221.70,-37.46,1704342663,,,,,,,,,
2024-01-04 10:01:03,tf,NFO,50402,222.45,-37.25,1704342663,4991430,222.55,223.00,240,210,259.45,,,
2024-01-04 10:01:04,tf,NFO,50402,226.60,-36.08,1704342664,,,,,,,,,
2024-01-04 10:01:05,tf,NFO,50402,229.35,-35.30,1704342665,,,,,,,,,
2024-01-04 10:01:05,tf,NFO,50402,229.05,-35.39,1704342665,4997115,228.60,229.00,195,135,259.41,,,
2024-01-04 10:01:06,tf,NFO,50402,227.55,-35.81,1704342666,,,,,,,,,
2024-01-04 10:01:06,tf,NFO,50402,227.30,-35.88,1704342666,4998300,227.45,228.00,45,675,,,,
2024-01-04 10:01:07,tf,NFO,50402,226.20,-36.19,1704342667,,,,,,,,,
2024-01-04 10:01:07,tf,NFO,50402,225.90,-36.28,1704342667,5003280,225.85,226.30,195,165,259.37,,,
2024-01-04 10:01:08,tf,NFO,50402,226.65,-36.06,1704342668,,,,,,,,,
2024-01-04 10:01:08,tf,NFO,50402,225.85,-36.29,1704342668,5006250,225.75,226.10,45,195,259.35,,,
2024-01-04 10:01:09,tf,NFO,50402,225.40,-36.42,1704342669,5006970,225.00,225.45,240,555,,,,
2024-01-04 10:01:10,tf,NFO,50402,225.15,-36.49,1704342670,5007855,224.60,225.10,315,75,259.34,,,
2024-01-04 10:01:11,tf,NFO,50402,225.25,-36.46,1704342671,5012865,225.30,225.65,30,15,259.31,,,
2024-01-04 10:01:12,tf,NFO,50402,225.00,-36.53,1704342672,,,,,,,,,
2024-01-04 10:01:13,tf,NFO,50402,223.55,-36.94,1704342673,5014005,223.60,223.95,150,45,259.30,,,
2024-01-04 10:01:14,tf,NFO,50402,223.60,-36.93,1704342674,5014620,223.20,223.55,75,75,,,,
2024-01-04 10:01:15,tf,NFO,50402,223.25,-37.02,1704342675,,,,,,,,,
2024-01-04 10:01:15,tf,NFO,50402,222.40,-37.26,1704342675,5015595,222.30,222.80,645,30,259.29,,,
2024-01-04 10:01:16,tf,NFO,50402,222.80,-37.15,1704342676,5016360,222.60,223.00,210,45,259.28,,,
2024-01-04 10:01:17,tf,NFO,50402,223.10,-37.07,1704342677,5017485,223.05,223.40,120,1785,259.27,,,
2024-01-04 10:01:17,tf,NFO,50402,223.40,-36.98,1704342677,,,,,,,,,
2024-01-04 10:01:18,tf,NFO,50402,223.85,-36.85,1704342678,,,,,,,,,
2024-01-04 10:01:18,tf,NFO,50402,223.00,-37.09,1704342678,5019945,222.85,223.25,,15,259.26,,,
2024-01-04 10:01:19,tf,NFO,50402,222.40,-37.26,1704342679,,,,,,,,,
2024-01-04 10:01:19,tf,NFO,50402,223.00,-37.09,1704342679,5020965,222.20,222.65,180,30,259.25,,,
2024-01-04 10:01:20,tf,NFO,50402,223.10,-37.07,1704342680,5021775,223.10,223.55,270,45,259.24,,,
2024-01-04 10:01:21,tf,NFO,50402,222.60,-37.21,1704342681,,,,,,,,,
2024-01-04 10:01:22,tf,NFO,50402,222.05,-37.36,1704342682,,,,,,,,,
2024-01-04 10:01:22,tf,NFO,50402,223.05,-37.08,1704342682,5023965,222.55,223.00,300,15,259.23,,,
2024-01-04 10:01:23,tf,NFO,50402,222.80,-37.15,1704342683,,,,,,,,,
2024-01-04 10:01:23,tf,NFO,50402,222.85,-37.14,1704342683,5024535,222.60,223.05,75,30,259.22,,,
2024-01-04 10:01:25,tf,NFO,50402,222.65,-37.19,1704342685,5025585,222.60,222.85,15,375,,,,
2024-01-04 10:01:26,tf,NFO,50402,221.00,-37.66,1704342686,,,,,,,,,
2024-01-04 10:01:26,tf,NFO,50402,220.95,-37.67,1704342686,5028750,220.65,221.05,165,225,259.19,,,
2024-01-04 10:01:27,tf,NFO,50402,220.55,-37.79,1704342687,,,,,,,,,
2024-01-04 10:01:27,tf,NFO,50402,220.50,-37.80,1704342687,5032395,220.30,220.55,15,60,259.16,,,
2024-01-04 10:01:28,tf,NFO,50402,220.65,-37.76,1704342688,5033100,220.85,221.20,270,75,,,,
2024-01-04 10:01:29,tf,NFO,50402,220.05,-37.93,1704342689,5034225,220.05,220.30,75,15,259.15,,,
2024-01-04 10:01:30,tf,NFO,50402,220.65,-37.76,1704342690,,,,,,,,,
2024-01-04 10:01:30,tf,NFO,50402,221.30,-37.57,1704342690,5036070,220.90,221.20,255,,259.14,,,
2024-01-04 10:01:31,tf,NFO,50402,221.60,-37.49,1704342691,,,,,,,,,
2024-01-04 10:01:31,tf,NFO,50402,222.00,-37.38,1704342691,5036625,221.15,221.65,225,345,259.13,,,
2024-01-04 10:01:32,tf,NFO,50402,220.85,-37.70,1704342692,5036715,220.90,221.35,105,405,,,,
2024-01-04 10:01:33,tf,NFO,50402,222.30,-37.29,1704342693,,,,,,,,,
2024-01-04 10:01:33,tf,NFO,50402,222.90,-37.12,1704342693,5037885,222.55,222.95,195,150,259.12,,,
2024-01-04 10:01:34,tf,NFO,50402,223.25,-37.02,1704342694,,,,,,,,,
2024-01-04 10:01:34,tf,NFO,50402,223.30,-37.01,1704342694,5038335,222.80,223.20,15,,,,,
2024-01-04 10:01:35,tf,NFO,50402,222.80,-37.15,1704342695,,,,,,,,,
2024-01-04 10:01:36,tf,NFO,50402,223.25,-37.02,1704342696,,,,,,,,,
2024-01-04 10:01:37,tf,NFO,50402,223.05,-37.08,1704342697,,,,,,,,,
2024-01-04 10:01:38,tf,NFO,50402,222.80,-37.15,1704342698,5040825,222.85,223.30,90,345,259.10,,,
2024-01-04 10:01:39,tf,NFO,50402,223.10,-37.07,1704342699,,,,,,,,,
2024-01-04 10:01:40,tf,NFO,50402,223.45,-36.97,1704342700,,,,,,,,,
2024-01-04 10:01:41,tf,NFO,50402,223.60,-36.93,1704342701,,,,,,,,,
2024-01-04 10:01:42,tf,NFO,50402,225.45,-36.40,1704342702,,,,,,,,,
2024-01-04 10:01:42,tf,NFO,50402,225.00,-36.53,1704342702,5045265,224.60,225.10,510,135,259.07,,,
2024-01-04 10:01:43,tf,NFO,50402,224.20,-36.76,1704342703,,,,,,,,,
2024-01-04 10:01:43,tf,NFO,50402,225.10,-36.50,1704342703,5046630,225.25,225.70,210,45,259.06,,,
2024-01-04 10:01:44,tf,NFO,50402,225.35,-36.43,1704342704,,,,,,,,,
2024-01-04 10:01:45,tf,NFO,50402,224.00,-36.81,1704342705,,,,,,,,,
2024-01-04 10:01:46,tf,NFO,50402,222.80,-37.15,1704342706,,,,,,,,,
2024-01-04 10:01:46,tf,NFO,50402,223.85,-36.85,1704342706,5049225,223.20,223.70,450,570,259.04,,,
2024-01-04 10:01:47,tf,NFO,50402,222.55,-37.22,1704342707,,,,,,,,,
2024-01-04 10:01:47,tf,NFO,50402,223.95,-36.83,1704342707,5050320,223.70,224.20,210,225,,,,
2024-01-04 10:01:48,tf,NFO,50402,224.30,-36.73,1704342708,,,,,,,,,
2024-01-04 10:01:48,tf,NFO,50402,224.00,-36.81,1704342708,5050815,224.00,224.45,30,90,259.03,,,
2024-01-04 10:01:49,tf,NFO,50402,224.40,-36.70,1704342709,,,,,,,,,
2024-01-04 10:01:49,tf,NFO,50402,224.70,-36.61,1704342709,5051730,224.25,224.70,180,465,,,,
2024-01-04 10:01:50,tf,NFO,50402,224.40,-36.70,1704342710,,,,,,,,,
2024-01-04 10:01:51,tf,NFO,50402,224.55,-36.66,1704342711,,,,,,,,,
2024-01-04 10:01:51,tf,NFO,50402,224.75,-36.60,1704342711,5053755,224.35,224.75,180,195,259.01,,,
2024-01-04 10:01:52,tf,NFO,50402,224.45,-36.69,1704342712,,,,,,,,,
2024-01-04 10:01:53,tf,NFO,50402,224.25,-36.74,1704342713,,,,,,,,,
2024-01-04 10:01:54,tf,NFO,50402,224.15,-36.77,1704342714,,,,,,,,,
2024-01-04 10:01:54,tf,NFO,50402,223.55,-36.94,1704342714,5054670,223.55,223.70,,15,,,,
2024-01-04 10:01:55,tf,NFO,50402,224.15,-36.77,1704342715,,,,,,,,,
2024-01-04 10:01:55,tf,NFO,50402,223.50,-36.95,1704342715,5055030,223.45,224.00,150,255,259.00,,,
2024-01-04 10:01:56,tf,NFO,50402,223.25,-37.02,1704342716,,,,,,,,,
2024-01-04 10:01:56,tf,NFO,50402,222.85,-37.14,1704342716,5055660,222.65,223.10,45,225,,,,
2024-01-04 10:01:57,tf,NFO,50402,223.20,-37.04,1704342717,,,,,,,,,
2024-01-04 10:01:57,tf,NFO,50402,223.55,-36.94,1704342717,5056335,223.15,223.55,105,615,258.99,,,
2024-01-04 10:01:58,tf,NFO,50402,223.60,-36.93,1704342718,,,,,,,,,
2024-01-04 10:01:59,tf,NFO,50402,223.45,-36.97,1704342719,,,,,,,,,
2024-01-04 10:02:00,tf,NFO,50402,224.05,-36.80,1704342720,,,,,,,,,
2024-01-04 10:02:01,tf,NFO,50402,223.05,-37.08,1704342721,,,,,,,,,
2024-01-04 10:02:01,tf,NFO,50402,223.45,-36.97,1704342721,5059185,223.20,223.45,630,15,258.97,,,
2024-01-04 10:02:02,tf,NFO,50402,224.65,-36.63,1704342722,,,,,,,,,
2024-01-04 10:02:02,tf,NFO,50402,224.45,-36.69,1704342722,5059980,224.55,225.00,330,60,,,,
2024-01-04 10:02:03,tf,NFO,50402,225.25,-36.46,1704342723,,,,,,,,,
2024-01-04 10:02:03,tf,NFO,50402,227.10,-35.94,1704342723,5061795,226.95,227.45,30,180,258.96,,,
2024-01-04 10:02:04,tf,NFO,50402,228.55,-35.53,1704342724,,,,,,,,,
2024-01-04 10:02:05,tf,NFO,50402,227.95,-35.70,1704342725,,,,,,,,,
2024-01-04 10:02:05,tf,NFO,50402,227.90,-35.71,1704342725,5066475,227.70,228.05,,15,258.93,,,
2024-01-04 10:02:06,tf,NFO,50402,227.30,-35.88,1704342726,,,,,,,,,
2024-01-04 10:02:06,tf,NFO,50402,226.90,-35.99,1704342726,5068620,226.40,226.75,,135,258.92,,,
2024-01-04 10:02:07,tf,NFO,50402,226.75,-36.04,1704342727,,,,,,,,,
2024-01-04 10:02:07,tf,NFO,50402,226.25,-36.18,1704342727,5069460,226.30,,585,15,258.91,,,
2024-01-04 10:02:08,tf,NFO,50402,226.55,-36.09,1704342728,,,,,,,,,
2024-01-04 10:02:08,tf,NFO,50402,226.70,-36.05,1704342728,5069550,,,30,60,,,,
2024-01-04 10:02:09,tf,NFO,50402,226.55,-36.09,1704342729,,,,,,,,,
2024-01-04 10:02:10,tf,NFO,50402,225.90,-36.28,1704342730,5071245,225.70,226.15,15,135,,,,
2024-01-04 10:02:11,tf,NFO,50402,225.75,-36.32,1704342731,,,,,,,,,
2024-01-04 10:02:11,tf,NFO,50402,225.25,-36.46,1704342731,5071695,225.15,225.65,90,,,,,
2024-01-04 10:02:12,tf,NFO,50402,225.75,-36.32,1704342732,,,,,,,,,
2024-01-04 10:02:12,tf,NFO,50402,225.60,-36.36,1704342732,5071890,,225.60,330,90,258.89,,,
2024-01-04 10:02:13,tf,NFO,50402,225.55,-36.38,1704342733,,,,,,,,,
2024-01-04 10:02:14,tf,NFO,50402,226.00,-36.25,1704342734,,,,,,,,,
2024-01-04 10:02:15,tf,NFO,50402,225.75,-36.32,1704342735,,,,,,,,,
2024-01-04 10:02:15,tf,NFO,50402,226.70,-36.05,1704342735,5074125,226.25,226.75,180,435,258.88,,,
2024-01-04 10:02:16,tf,NFO,50402,226.35,-36.15,1704342736,,,,,,,,,
2024-01-04 10:02:16,tf,NFO,50402,226.70,-36.05,1704342736,5074680,226.10,226.60,195,30,,,,
2024-01-04 10:02:17,tf,NFO,50402,227.00,-35.97,1704342737,,,,,,,,,
2024-01-04 10:02:18,tf,NFO,50402,227.55,-35.81,1704342738,,,,,,,,,
2024-01-04 10:02:19,tf,NFO,50402,228.00,-35.68,1704342739,,,,,,,,,
2024-01-04 10:02:19,tf,NFO,50402,227.80,-35.74,1704342739,5080935,227.70,228.20,285,105,258.84,,,
2024-01-04 10:02:20,tf,NFO,50402,227.20,-35.91,1704342740,,,,,,,,,
2024-01-04 10:02:20,tf,NFO,50402,227.00,-35.97,1704342740,5082735,226.80,227.00,225,210,258.83,,,
2024-01-04 10:02:22,tf,NFO,50402,227.20,-35.91,1704342742,,,,,,,,,
2024-01-04 10:02:22,tf,NFO,50402,226.80,-36.02,1704342742,5085195,226.30,226.70,135,195,258.81,,,
2024-01-04 10:02:23,tf,NFO,50402,227.25,-35.90,1704342743,,,,,,,,,
2024-01-04 10:02:24,tf,NFO,50402,226.80,-36.02,1704342744,,,,,,,,,
2024-01-04 10:02:24,tf,NFO,50402,226.45,-36.12,1704342744,5085855,226.70,227.20,45,390,,,,
2024-01-04 10:02:26,tf,NFO,50402,228.25,-35.61,1704342746,,,,,,,,,
2024-01-04 10:02:26,tf,NFO,50402,228.15,-35.64,1704342746,5087160,228.05,228.50,30,120,258.80,,,
2024-01-04 10:02:27,tf,NFO,50402,227.70,-35.77,1704342747,,,,,,,,,
2024-01-04 10:02:28,tf,NFO,50402,228.00,-35.68,1704342748,,,,,,,,,
2024-01-04 10:02:28,tf,NFO,50402,227.10,-35.94,1704342748,5088960,227.00,227.40,60,120,258.79,,,
2024-01-04 10:02:29,tf,NFO,50402,226.85,-36.01,1704342749,,,,,,,,,
2024-01-04 10:02:29,tf,NFO,50402,227.00,-35.97,1704342749,5089815,226.55,227.00,480,,258.78,,,
2024-01-04 10:02:30,tf,NFO,50402,226.10,-36.22,1704342750,,,,,,,,,
2024-01-04 10:02:30,tf,NFO,50402,226.05,-36.23,1704342750,5091855,226.15,226.50,525,15,258.77,,,
2024-01-04 10:02:31,tf,NFO,50402,226.70,-36.05,1704342751,,,,,,,1289805,,
2024-01-04 10:02:31,tf,NFO,50402,226.45,-36.12,1704342751,5092200,226.40,226.85,240,195,,,,
2024-01-04 10:02:32,tf,NFO,50402,226.65,-36.06,1704342752,,,,,,,,,
2024-01-04 10:02:33,tf,NFO,50402,225.45,-36.40,1704342753,,,,,,,,,
2024-01-04 10:02:33,tf,NFO,50402,225.70,-36.33,1704342753,5093580,225.70,226.15,15,15,258.76,,,
2024-01-04 10:02:34,tf,NFO,50402,226.80,-36.02,1704342754,,,,,,,,,
2024-01-04 10:02:35,tf,NFO,50402,225.90,-36.28,1704342755,,,,,,,,,
2024-01-04 10:02:36,tf,NFO,50402,226.50,-36.11,1704342756,,,,,,,,,
2024-01-04 10:02:36,tf,NFO,50402,226.80,-36.02,1704342756,5095680,226.40,226.90,840,105,,,,
2024-01-04 10:02:37,tf,NFO,50402,227.70,-35.77,1704342757,,,,,,,,,
2024-01-04 10:02:37,tf,NFO,50402,228.05,-35.67,1704342757,5096850,227.80,228.15,165,,258.74,,,
2024-01-04 10:02:38,tf,NFO,50402,227.70,-35.77,1704342758,,,,,,,,,
2024-01-04 10:02:39,tf,NFO,50402,228.40,-35.57,1704342759,,,,,,,,,
2024-01-04 10:02:39,tf,NFO,50402,228.15,-35.64,1704342759,5099640,227.75,228.20,45,90,258.72,,,
2024-01-04 10:02:40,tf,NFO,50402,227.90,-35.71,1704342760,,,,,,,,,
2024-01-04 10:02:40,tf,NFO,50402,227.65,-35.78,1704342760,5100240,227.65,228.10,,195,,,,
2024-01-04 10:02:41,tf,NFO,50402,226.90,-35.99,1704342761,,,,,,,,,
2024-01-04 10:02:41,tf,NFO,50402,226.80,-36.02,1704342761,5101590,226.55,227.05,225,90,258.71,,,
2024-01-04 10:02:42,tf,NFO,50402,227.15,-35.92,1704342762,,,,,,,,,
2024-01-04 10:02:42,tf,NFO,50402,227.00,-35.97,1704342762,5101950,226.75,227.00,945,15,,,,
2024-01-04 10:02:43,tf,NFO,50402,227.65,-35.78,1704342763,,,,,,,,,
2024-01-04 10:02:43,tf,NFO,50402,228.00,-35.68,1704342763,5102835,227.50,228.00,150,180,258.70,,,
2024-01-04 10:02:44,tf,NFO,50402,227.35,-35.87,1704342764,5103225,227.35,227.95,510,465,,,,
2024-01-04 10:02:45,tf,NFO,50402,225.05,-36.52,1704342765,,,,,,,,,
2024-01-04 10:02:46,tf,NFO,50402,224.70,-36.61,1704342766,,,,,,,,,
2024-01-04 10:02:46,tf,NFO,50402,224.85,-36.57,1704342766,5106525,224.20,224.40,105,15,,,,
2024-01-04 10:02:47,tf,NFO,50402,225.30,-36.45,1704342767,,,,,,,,,
2024-01-04 10:02:47,tf,NFO,50402,225.40,-36.42,1704342767,5107410,225.20,225.65,75,150,258.67,,,
2024-01-04 10:02:48,tf,NFO,50402,225.85,-36.29,1704342768,,,,,,,,,
2024-01-04 10:02:49,tf,NFO,50402,225.90,-36.28,1704342769,,,,,,,,,
2024-01-04 10:02:50,tf,NFO,50402,225.60,-36.36,1704342770,,,,,,,,,
2024-01-04 10:02:50,tf,NFO,50402,225.75,-36.32,1704342770,5109945,225.60,226.00,60,135,258.66,,,
2024-01-04 10:02:51,tf,NFO,50402,226.60,-36.08,1704342771,,,,,,,,,
2024-01-04 10:02:51,tf,NFO,50402,226.40,-36.14,1704342771,5111100,226.05,226.50,45,15,258.65,,,
2024-01-04 10:02:52,tf,NFO,50402,226.60,-36.08,1704342772,,,,,,,,,
2024-01-04 10:02:52,tf,NFO,50402,226.55,-36.09,1704342772,5111445,226.45,226.90,150,45,,,,
2024-01-04 10:02:53,tf,NFO,50402,226.85,-36.01,1704342773,,,,,,,,,
2024-01-04 10:02:54,tf,NFO,50402,227.00,-35.97,1704342774,,,,,,,,,
2024-01-04 10:02:54,tf,NFO,50402,226.60,-36.08,1704342774,5113710,226.60,227.10,315,165,258.63,,,
2024-01-04 10:02:55,tf,NFO,50402,226.75,-36.04,1704342775,,,,,,,,,
2024-01-04 10:02:56,tf,NFO,50402,226.50,-36.11,1704342776,,,,,,,,,
2024-01-04 10:02:57,tf,NFO,50402,225.40,-36.42,1704342777,,,,,,,,,
2024-01-04 10:02:57,tf,NFO,50402,225.30,-36.45,1704342777,5116095,225.35,225.80,150,300,,,,
2024-01-04 10:02:58,tf,NFO,50402,226.00,-36.25,1704342778,,,,,,,,,
2024-01-04 10:02:59,tf,NFO,50402,225.60,-36.36,1704342779,,,,,,,,,
2024-01-04 10:02:59,tf,NFO,50402,225.20,-36.47,1704342779,5117700,225.25,225.70,,165,,,,
2024-01-04 10:03:00,tf,NFO,50402,225.25,-36.46,1704342780,,,,,,,,,
2024-01-04 10:03:00,tf,NFO,50402,225.70,-36.33,1704342780,5118585,225.75,226.10,,45,258.60,,,
2024-01-04 10:03:01,tf,NFO,50402,226.35,-36.15,1704342781,,,,,,,,,
2024-01-04 10:03:01,tf,NFO,50402,225.65,-36.35,1704342781,5119965,225.65,,150,105,258.59,,,
2024-01-04 10:03:02,tf,NFO,50402,225.15,-36.49,1704342782,,,,,,,,,
2024-01-04 10:03:02,tf,NFO,50402,225.60,-36.36,1704342782,5120250,225.25,225.50,15,90,,,,
2024-01-04 10:03:03,tf,NFO,50402,224.85,-36.57,1704342783,,,,,,,,,
2024-01-04 10:03:04,tf,NFO,50402,224.70,-36.61,1704342784,,,,,,,,,
2024-01-04 10:03:04,tf,NFO,50402,225.00,-36.53,1704342784,5120400,224.70,224.95,225,45,,,,
2024-01-04 10:03:05,tf,NFO,50402,226.05,-36.23,1704342785,,,,,,,,,
2024-01-04 10:03:05,tf,NFO,50402,225.70,-36.33,1704342785,5120820,225.55,225.95,75,75,,,,
2024-01-04 10:03:06,tf,NFO,50402,225.40,-36.42,1704342786,,,,,,,,,
2024-01-04 10:03:07,tf,NFO,50402,225.70,-36.33,1704342787,,,,,,,,,
2024-01-04 10:03:08,tf,NFO,50402,225.35,-36.43,1704342788,,,,,,,,,
2024-01-04 10:03:09,tf,NFO,50402,224.00,-36.81,1704342789,,,,,,,,,
2024-01-04 10:03:09,tf,NFO,50402,224.40,-36.70,1704342789,5123715,223.90,224.30,90,15,258.57,,,
2024-01-04 10:03:10,tf,NFO,50402,224.30,-36.73,1704342790,,,,,,,,,
2024-01-04 10:03:10,tf,NFO,50402,223.85,-36.85,1704342790,5125230,224.20,224.60,120,45,258.56,,,
2024-01-04 10:03:11,tf,NFO,50402,223.45,-36.97,1704342791,,,,,,,,,
2024-01-04 10:03:11,tf,NFO,50402,224.55,-36.66,1704342791,5127915,224.00,224.50,90,255,258.54,,,
2024-01-04 10:03:12,tf,NFO,50402,224.70,-36.61,1704342792,,,,,,,,,
2024-01-04 10:03:13,tf,NFO,50402,223.80,-36.87,1704342793,,,,,,,,,
2024-01-04 10:03:13,tf,NFO,50402,224.20,-36.76,1704342793,5128770,223.80,224.00,90,75,258.53,,,
2024-01-04 10:03:14,tf,NFO,50402,224.10,-36.78,1704342794,,,,,,,,,
2024-01-04 10:03:14,tf,NFO,50402,224.45,-36.69,1704342794,5129580,224.10,224.55,345,120,,,,
2024-01-04 10:03:15,tf,NFO,50402,223.95,-36.83,1704342795,,,,,,,,,
2024-01-04 10:03:15,tf,NFO,50402,224.20,-36.76,1704342795,5129745,224.15,,60,60,,,,
2024-01-04 10:03:16,tf,NFO,50402,224.50,-36.67,1704342796,,,,,,,,,
2024-01-04 10:03:17,tf,NFO,50402,224.80,-36.59,1704342797,,,,,,,,,
2024-01-04 10:03:17,tf,NFO,50402,225.00,-36.53,1704342797,5130315,224.70,224.90,60,75,258.52,,,
2024-01-04 10:03:18,tf,NFO,50402,225.25,-36.46,1704342798,,,,,,,,,
2024-01-04 10:03:18,tf,NFO,50402,225.50,-36.39,1704342798,5130660,225.40,225.80,495,60,,,,
2024-01-04 10:03:19,tf,NFO,50402,225.70,-36.33,1704342799,,,,,,,,,
2024-01-04 10:03:19,tf,NFO,50402,225.40,-36.42,1704342799,5130795,225.35,225.75,90,,,,,
2024-01-04 10:03:20,tf,NFO,50402,225.60,-36.36,1704342800,5131680,225.25,225.70,210,,,,,
2024-01-04 10:03:21,tf,NFO,50402,225.65,-36.35,1704342801,,,,,,,,,
2024-01-04 10:03:21,tf,NFO,50402,227.00,-35.97,1704342801,5132520,226.55,227.00,45,315,258.51,,,
2024-01-04 10:03:22,tf,NFO,50402,226.90,-35.99,1704342802,,,,,,,,,
2024-01-04 10:03:23,tf,NFO,50402,226.00,-36.25,1704342803,,,,,,,,,
2024-01-04 10:03:23,tf,NFO,50402,225.95,-36.26,1704342803,5133285,225.80,226.15,90,15,,,,
2024-01-04 10:03:24,tf,NFO,50402,226.60,-36.08,1704342804,,,,,,,,,
2024-01-04 10:03:24,tf,NFO,50402,225.95,-36.26,1704342804,5133660,225.95,226.00,60,45,258.50,,,
2024-01-04 10:03:25,tf,NFO,50402,225.50,-36.39,1704342805,,,,,,,,,
2024-01-04 10:03:26,tf,NFO,50402,225.15,-36.49,1704342806,,,,,,,,,
2024-01-04 10:03:26,tf,NFO,50402,224.75,-36.60,1704342806,5134575,224.70,224.80,60,15,,,,
2024-01-04 10:03:27,tf,NFO,50402,224.95,-36.54,1704342807,,,,,,,,,
2024-01-04 10:03:27,tf,NFO,50402,224.50,-36.67,1704342807,5134905,224.45,224.85,75,345,258.49,,,
2024-01-04 10:03:28,tf,NFO,50402,225.25,-36.46,1704342808,,,,,,,,,
2024-01-04 10:03:28,tf,NFO,50402,225.30,-36.45,1704342808,5135115,224.95,225.30,,45,,,,
2024-01-04 10:03:29,tf,NFO,50402,225.20,-36.47,1704342809,,,,,,,,,
2024-01-04 10:03:29,tf,NFO,50402,225.05,-36.52,1704342809,5135310,225.20,225.40,45,75,,,,
2024-01-04 10:03:30,tf,NFO,50402,225.30,-36.45,1704342810,,,,,,,,,
2024-01-04 10:03:30,tf,NFO,50402,225.60,-36.36,1704342810,5135415,225.25,225.70,75,60,,,,
2024-01-04 10:03:31,tf,NFO,50402,225.05,-36.52,1704342811,,,,,,,,,
2024-01-04 10:03:31,tf,NFO,50402,225.00,-36.53,1704342811,5135715,225.05,225.45,,75,,,,
2024-01-04 10:03:32,tf,NFO,50402,225.40,-36.42,1704342812,,,,,,,,,
2024-01-04 10:03:33,tf,NFO,50402,224.25,-36.74,1704342813,,,,,,,,,
2024-01-04 10:03:33,tf,NFO,50402,223.85,-36.85,1704342813,5137800,223.75,224.20,75,270,258.48,,,
2024-01-04 10:03:34,tf,NFO,50402,224.25,-36.74,1704342814,,,,,,,,,
2024-01-04 10:03:35,tf,NFO,50402,224.45,-36.69,1704342815,,,,,,,,,
2024-01-04 10:03:36,tf,NFO,50402,224.35,-36.71,1704342816,,,,,,,,,
2024-01-04 10:03:37,tf,NFO,50402,223.45,-36.97,1704342817,,,,,,,,,
2024-01-04 10:03:38,tf,NFO,50402,224.75,-36.60,1704342818,,,,,,,,,
2024-01-04 10:03:38,tf,NFO,50402,225.35,-36.43,1704342818,5140530,225.30,225.70,,135,258.46,,,
2024-01-04 10:03:39,tf,NFO,50402,225.80,-36.30,1704342819,,,,,,,,,
2024-01-04 10:03:39,tf,NFO,50402,225.60,-36.36,1704342819,5140725,225.10,225.60,135,975,,,,
2024-01-04 10:03:41,tf,NFO,50402,224.65,-36.63,1704342821,,,,,,,,,
2024-01-04 10:03:41,tf,NFO,50402,224.45,-36.69,1704342821,5141280,224.50,224.85,,15,258.45,,,
2024-01-04 10:03:42,tf,NFO,50402,224.30,-36.73,1704342822,,,,,,,,,
2024-01-04 10:03:43,tf,NFO,50402,224.50,-36.67,1704342823,,,,,,,,,
2024-01-04 10:03:44,tf,NFO,50402,224.25,-36.74,1704342824,,,,,,,,,
2024-01-04 10:03:44,tf,NFO,50402,224.00,-36.81,1704342824,5143575,224.00,224.30,165,30,258.44,,,
2024-01-04 10:03:45,tf,NFO,50402,224.30,-36.73,1704342825,,,,,,,,,
2024-01-04 10:03:45,tf,NFO,50402,224.60,-36.64,1704342825,5143890,224.45,224.85,75,150,,,,
2024-01-04 10:03:46,tf,NFO,50402,224.80,-36.59,1704342826,,,,,,,,,
2024-01-04 10:03:47,tf,NFO,50402,223.40,-36.98,1704342827,,,,,,,,,
2024-01-04 10:03:47,tf,NFO,50402,224.20,-36.76,1704342827,5145900,223.90,224.30,90,60,258.42,,,
2024-01-04 10:03:48,tf,NFO,50402,224.45,-36.69,1704342828,,,,,,,,,
2024-01-04 10:03:49,tf,NFO,50402,224.15,-36.77,1704342829,,,,,,,,,
2024-01-04 10:03:49,tf,NFO,50402,224.00,-36.81,1704342829,5146635,223.65,224.10,90,75,,,,
2024-01-04 10:03:50,tf,NFO,50402,224.20,-36.76,1704342830,,,,,,,,,
2024-01-04 10:03:50,tf,NFO,50402,224.35,-36.71,1704342830,5146740,224.00,224.40,60,555,,,,
2024-01-04 10:03:51,tf,NFO,50402,225.20,-36.47,1704342831,,,,,,,,,
2024-01-04 10:03:52,tf,NFO,50402,225.15,-36.49,1704342832,,,,,,,,,
2024-01-04 10:03:53,tf,NFO,50402,225.60,-36.36,1704342833,,,,,,,,,
2024-01-04 10:03:53,tf,NFO,50402,225.20,-36.47,1704342833,5149560,225.30,225.75,105,90,258.40,,,
2024-01-04 10:03:54,tf,NFO,50402,225.10,-36.50,1704342834,,,,,,,,,
2024-01-04 10:03:54,tf,NFO,50402,225.70,-36.33,1704342834,5150595,225.35,225.80,90,105,258.39,,,
2024-01-04 10:03:55,tf,NFO,50402,226.00,-36.25,1704342835,,,,,,,,,
2024-01-04 10:03:55,tf,NFO,50402,226.10,-36.22,1704342835,5152290,225.65,226.10,165,285,258.38,,,
2024-01-04 10:03:56,tf,NFO,50402,225.95,-36.26,1704342836,,,,,,,,,
2024-01-04 10:03:57,tf,NFO,50402,225.65,-36.35,1704342837,,,,,,,,,
2024-01-04 10:03:57,tf,NFO,50402,225.15,-36.49,1704342837,5152635,225.10,225.55,105,90,,,,
2024-01-04 10:03:58,tf,NFO,50402,225.70,-36.33,1704342838,,,,,,,,,
2024-01-04 10:03:59,tf,NFO,50402,226.40,-36.14,1704342839,,,,,,,,,
2024-01-04 10:03:59,tf,NFO,50402,226.45,-36.12,1704342839,5152920,226.10,226.55,60,195,,,,
2024-01-04 10:04:00,tf,NFO,50402,227.45,-35.84,1704342840,,,,,,,,,
2024-01-04 10:04:00,tf,NFO,50402,226.95,-35.98,1704342840,5154465,227.25,227.65,90,30,258.37,,,
2024-01-04 10:04:01,tf,NFO,50402,227.45,-35.84,1704342841,,,,,,,,,
2024-01-04 10:04:01,tf,NFO,50402,227.30,-35.88,1704342841,5155005,,,30,15,258.36,,,
2024-01-04 10:04:02,tf,NFO,50402,227.75,-35.75,1704342842,,,,,,,,,
2024-01-04 10:04:02,tf,NFO,50402,227.50,-35.83,1704342842,5157120,226.95,227.40,330,210,258.35,,,
2024-01-04 10:04:03,tf,NFO,50402,227.05,-35.95,1704342843,,,,,,,,,
2024-01-04 10:04:04,tf,NFO,50402,227.30,-35.88,1704342844,,,,,,,,,
2024-01-04 10:04:04,tf,NFO,50402,227.15,-35.92,1704342844,5158170,227.25,227.50,,120,,,,
2024-01-04 10:04:05,tf,NFO,50402,227.45,-35.84,1704342845,,,,,,,,,
2024-01-04 10:04:06,tf,NFO,50402,227.50,-35.83,1704342846,,,,,,,,,
2024-01-04 10:04:06,tf,NFO,50402,228.00,-35.68,1704342846,5159535,227.60,227.95,465,,,,,
2024-01-04 10:04:07,tf,NFO,50402,225.95,-36.26,1704342847,,,,,,,,,
2024-01-04 10:04:08,tf,NFO,50402,226.75,-36.04,1704342848,,,,,,,,,
2024-01-04 10:04:09,tf,NFO,50402,226.30,-36.16,1704342849,,,,,,,,,
2024-01-04 10:04:10,tf,NFO,50402,227.10,-35.94,1704342850,,,,,,,,,
2024-01-04 10:04:10,tf,NFO,50402,226.75,-36.04,1704342850,5161740,226.55,226.75,45,120,258.32,,,
2024-01-04 10:04:11,tf,NFO,50402,226.20,-36.19,1704342851,,,,,,,,,
2024-01-04 10:04:12,tf,NFO,50402,225.85,-36.29,1704342852,,,,,,,,,
2024-01-04 10:04:12,tf,NFO,50402,226.35,-36.15,1704342852,5164110,226.10,,120,45,258.31,,,
2024-01-04 10:04:13,tf,NFO,50402,225.85,-36.29,1704342853,,,,,,,,,
2024-01-04 10:04:13,tf,NFO,50402,226.45,-36.12,1704342853,5164605,,,30,90,,,,
2024-01-04 10:04:15,tf,NFO,50402,226.15,-36.21,1704342855,,,,,,,,,
2024-01-04 10:04:16,tf,NFO,50402,226.60,-36.08,1704342856,,,,,,,,,
2024-01-04 10:04:16,tf,NFO,50402,226.75,-36.04,1704342856,5165235,226.65,227.00,120,105,,,,
2024-01-04 10:04:17,tf,NFO,50402,227.00,-35.97,1704342857,,,,,,,,,
2024-01-04 10:04:18,tf,NFO,50402,226.00,-36.25,1704342858,,,,,,,,,
2024-01-04 10:04:19,tf,NFO,50402,226.25,-36.18,1704342859,5166195,225.80,226.20,30,120,,,,
2024-01-04 10:04:20,tf,NFO,50402,226.60,-36.08,1704342860,,,,,,,,,
2024-01-04 10:04:20,tf,NFO,50402,227.35,-35.87,1704342860,5167125,227.25,227.55,15,60,258.29,,,
2024-01-04 10:04:21,tf,NFO,50402,227.40,-35.85,1704342861,,,,,,,,,
2024-01-04 10:04:22,tf,NFO,50402,227.30,-35.88,1704342862,,,,,,,,,
2024-01-04 10:04:23,tf,NFO,50402,227.80,-35.74,1704342863,,,,,,,,,
2024-01-04 10:04:24,tf,NFO,50402,227.65,-35.78,1704342864,,,,,,,,,
2024-01-04 10:04:24,tf,NFO,50402,228.35,-35.59,1704342864,5169855,227.85,228.35,60,195,258.27,,,
2024-01-04 10:04:25,tf,NFO,50402,227.90,-35.71,1704342865,,,,,,,,,
2024-01-04 10:04:25,tf,NFO,50402,227.35,-35.87,1704342865,5171850,227.35,227.85,120,135,258.26,,,
2024-01-04 10:04:26,tf,NFO,50402,227.60,-35.80,1704342866,,,,,,,,,
2024-01-04 10:04:27,tf,NFO,50402,227.95,-35.70,1704342867,,,,,,,,,
2024-01-04 10:04:28,tf,NFO,50402,227.80,-35.74,1704342868,,,,,,,,,
2024-01-04 10:04:29,tf,NFO,50402,227.35,-35.87,1704342869,,,,,,,,,
2024-01-04 10:04:29,tf,NFO,50402,226.80,-36.02,1704342869,5175180,226.90,227.40,555,120,258.24,,,
2024-01-04 10:04:30,tf,NFO,50402,227.75,-35.75,1704342870,,,,,,,,,
2024-01-04 10:04:30,tf,NFO,50402,227.90,-35.71,1704342870,5175330,227.40,227.85,225,225,,,,
2024-01-04 10:04:31,tf,NFO,50402,227.50,-35.83,1704342871,,,,,,,,,
2024-01-04 10:04:31,tf,NFO,50402,226.80,-36.02,1704342871,5175780,226.60,227.05,270,150,,,,
2024-01-04 10:04:32,tf,NFO,50402,225.35,-36.43,1704342872,,,,,,,,,
2024-01-04 10:04:33,tf,NFO,50402,224.90,-36.56,1704342873,,,,,,,,,
2024-01-04 10:04:33,tf,NFO,50402,224.10,-36.78,1704342873,5179065,224.00,224.30,,,258.22,,,
2024-01-04 10:04:34,tf,NFO,50402,224.30,-36.73,1704342874,,,,,,,,,
2024-01-04 10:04:34,tf,NFO,50402,224.50,-36.67,1704342874,5180790,224.35,224.75,195,135,258.21,,,
2024-01-04 10:04:35,tf,NFO,50402,224.95,-36.54,1704342875,,,,,,,,,
2024-01-04 10:04:35,tf,NFO,50402,225.15,-36.49,1704342875,5181675,224.80,225.10,315,15,258.20,,,
2024-01-04 10:04:36,tf,NFO,50402,225.40,-36.42,1704342876,,,,,,,,,
2024-01-04 10:04:36,tf,NFO,50402,225.00,-36.53,1704342876,5181810,225.30,225.75,465,,,,,
2024-01-04 10:04:39,tf,NFO,50402,224.55,-36.66,1704342879,,,,,,,,,
2024-01-04 10:04:40,tf,NFO,50402,224.25,-36.74,1704342880,,,,,,,,,
2024-01-04 10:04:40,tf,NFO,50402,223.50,-36.95,1704342880,5183595,223.35,223.70,90,15,,,,
2024-01-04 10:04:41,tf,NFO,50402,223.05,-37.08,1704342881,,,,,,,,,
2024-01-04 10:04:41,tf,NFO,50402,223.55,-36.94,1704342881,5184510,223.05,223.45,210,120,258.18,,,
2024-01-04 10:04:42,tf,NFO,50402,223.00,-37.09,1704342882,,,,,,,,,
2024-01-04 10:04:42,tf,NFO,50402,222.80,-37.15,1704342882,5185815,222.50,222.90,15,,258.17,,,
2024-01-04 10:04:43,tf,NFO,50402,222.00,-37.38,1704342883,,,,,,,,,
2024-01-04 10:04:43,tf,NFO,50402,218.85,-38.27,1704342883,5201400,218.70,219.15,165,75,258.06,,,
2024-01-04 10:04:44,tf,NFO,50402,220.80,-37.72,1704342884,,,,,,,,,
2024-01-04 10:04:44,tf,NFO,50402,220.15,-37.90,1704342884,5205810,220.05,220.20,150,15,258.03,,,
2024-01-04 10:04:45,tf,NFO,50402,219.60,-38.05,1704342885,,,,,,,,,
2024-01-04 10:04:45,tf,NFO,50402,220.10,-37.91,1704342885,5208960,219.75,220.15,105,45,258.00,,,
2024-01-04 10:04:46,tf,NFO,50402,219.70,-38.03,1704342886,,,,,,,,,
2024-01-04 10:04:46,tf,NFO,50402,220.00,-37.94,1704342886,5212170,219.80,220.20,15,225,257.98,,,
2024-01-04 10:04:47,tf,NFO,50402,219.70,-38.03,1704342887,,,,,,,,,
2024-01-04 10:04:47,tf,NFO,50402,219.80,-38.00,1704342887,5214225,219.50,220.00,120,255,257.97,,,
2024-01-04 10:04:48,tf,NFO,50402,218.95,-38.24,1704342888,,,,,,,,,
2024-01-04 10:04:48,tf,NFO,50402,218.80,-38.28,1704342888,5214600,219.30,219.75,90,135,257.96,,,
2024-01-04 10:04:49,tf,NFO,50402,218.65,-38.32,1704342889,,,,,,,,,
2024-01-04 10:04:50,tf,NFO,50402,215.20,-39.29,1704342890,,,,,,,,,
2024-01-04 10:04:50,tf,NFO,50402,213.95,-39.65,1704342890,5238915,214.05,214.50,240,60,257.77,,212.45,
2024-01-04 10:04:51,tf,NFO,50402,214.20,-39.58,1704342891,,,,,,,,,
2024-01-04 10:04:51,tf,NFO,50402,214.25,-39.56,1704342891,5242635,214.35,214.75,60,45,257.74,,,
2024-01-04 10:04:52,tf,NFO,50402,214.15,-39.59,1704342892,,,,,,,,,
2024-01-04 10:04:52,tf,NFO,50402,215.35,-39.25,1704342892,5245725,215.30,215.70,,195,257.71,,,
2024-01-04 10:04:53,tf,NFO,50402,213.90,-39.66,1704342893,,,,,,,,,
2024-01-04 10:04:53,tf,NFO,50402,213.35,-39.82,1704342893,5248470,212.95,213.40,75,60,257.69,,212.35,
2024-01-04 10:04:54,tf,NFO,50402,212.75,-39.99,1704342894,,,,,,,,,
2024-01-04 10:04:54,tf,NFO,50402,212.60,-40.03,1704342894,5252205,212.55,213.00,90,165,257.66,,212.00,
2024-01-04 10:04:55,tf,NFO,50402,212.40,-40.08,1704342895,,,,,,,,,
2024-01-04 10:04:55,tf,NFO,50402,213.25,-39.84,1704342895,5256885,212.95,213.35,45,105,257.62,,,
2024-01-04 10:04:56,tf,NFO,50402,212.05,-40.18,1704342896,,,,,,,,,
2024-01-04 10:04:56,tf,NFO,50402,211.40,-40.37,1704342896,5262240,211.00,211.40,105,45,257.57,,210.70,
2024-01-04 10:04:57,tf,NFO,50402,213.40,-39.80,1704342897,,,,,,,,,
2024-01-04 10:04:57,tf,NFO,50402,213.70,-39.72,1704342897,5265465,213.40,213.80,120,405,257.54,,,
2024-01-04 10:04:58,tf,NFO,50402,210.95,-40.49,1704342898,,,,,,,,,
2024-01-04 10:04:58,tf,NFO,50402,210.80,-40.54,1704342898,5267325,211.00,211.30,45,90,257.53,,,
2024-01-04 10:04:59,tf,NFO,50402,211.25,-40.41,1704342899,,,,,,,,,
2024-01-04 10:04:59,tf,NFO,50402,211.65,-40.30,1704342899,5269920,211.30,211.65,225,30,257.50,,210.55,
2024-01-04 10:05:00,tf,NFO,50402,209.60,-40.87,1704342900,,,,,,,,,
2024-01-04 10:05:00,tf,NFO,50402,210.25,-40.69,1704342900,5283525,209.55,210.00,15,210,257.38,,209.50,
2024-01-04 10:05:01,tf,NFO,50402,209.50,-40.90,1704342901,,,,,,,,,
2024-01-04 10:05:01,tf,NFO,50402,210.55,-40.61,1704342901,5288085,209.80,210.20,240,30,257.34,,,
2024-01-04 10:05:02,tf,NFO,50402,211.60,-40.31,1704342902,,,,,,,,,
2024-01-04 10:05:02,tf,NFO,50402,213.00,-39.92,1704342902,5292960,212.55,213.00,75,75,257.30,,209.25,
2024-01-04 10:05:03,tf,NFO,50402,211.00,-40.48,1704342903,5296710,211.45,211.85,30,,257.27,,,
2024-01-04 10:05:04,tf,NFO,50402,216.00,-39.07,1704342904,,,,,,,,,
2024-01-04 10:05:04,tf,NFO,50402,216.15,-39.03,1704342904,5300910,216.05,216.50,195,15,257.23,,,
2024-01-04 10:05:05,tf,NFO,50402,213.45,-39.79,1704342905,,,,,,,,,
2024-01-04 10:05:05,tf,NFO,50402,214.25,-39.56,1704342905,5303100,214.15,214.65,90,45,257.22,,,
2024-01-04 10:05:06,tf,NFO,50402,214.70,-39.44,1704342906,,,,,,,,,
2024-01-04 10:05:06,tf,NFO,50402,214.60,-39.46,1704342906,5304660,215.00,215.40,45,30,257.20,,,
2024-01-04 10:05:07,tf,NFO,50402,215.05,-39.34,1704342907,5307465,214.80,215.25,90,165,257.18,,,
2024-01-04 10:05:07,tf,NFO,50402,215.00,-39.35,1704342907,,,,,,,,,
2024-01-04 10:05:08,tf,NFO,50402,215.35,-39.25,1704342908,,,,,,,,,
2024-01-04 10:05:08,tf,NFO,50402,216.15,-39.03,1704342908,5309580,216.40,216.75,135,60,257.16,,,
2024-01-04 10:05:09,tf,NFO,50402,212.05,-40.18,1704342909,,,,,,,,,
2024-01-04 10:05:09,tf,NFO,50402,213.55,-39.76,1704342909,5313630,213.25,213.70,510,135,257.13,,,
2024-01-04 10:05:10,tf,NFO,50402,212.60,-40.03,1704342910,,,,,,,,,
2024-01-04 10:05:10,tf,NFO,50402,212.70,-40.00,1704342910,5317620,212.85,213.25,45,,257.10,,,
2024-01-04 10:05:11,tf,NFO,50402,214.20,-39.58,1704342911,,,,,,,,,
2024-01-04 10:05:11,tf,NFO,50402,214.10,-39.61,1704342911,5321715,214.00,214.45,630,45,257.06,,,
2024-01-04 10:05:12,tf,NFO,50402,214.50,-39.49,1704342912,,,,,,,,,
2024-01-04 10:05:12,tf,NFO,50402,214.05,-39.62,1704342912,5322810,213.70,214.10,90,60,,,,
2024-01-04 10:05:13,tf,NFO,50402,214.80,-39.41,1704342913,,,,,,,,,
2024-01-04 10:05:13,tf,NFO,50402,216.00,-39.07,1704342913,5328555,215.60,216.05,,90,257.01,,,
2024-01-04 10:05:14,tf,NFO,50402,215.15,-39.31,1704342914,,,,,,,,,
2024-01-04 10:05:14,tf,NFO,50402,215.50,-39.21,1704342914,5329785,215.25,215.60,60,45,257.00,,,
2024-01-04 10:05:15,tf,NFO,50402,216.05,-39.06,1704342915,,,,,,,,,
2024-01-04 10:05:15,tf,NFO,50402,216.40,-38.96,1704342915,5331285,215.95,216.40,45,60,256.99,,,
2024-01-04 10:05:16,tf,NFO,50402,215.20,-39.29,1704342916,,,,,,,,,
2024-01-04 10:05:16,tf,NFO,50402,214.45,-39.51,1704342916,5334030,214.15,214.55,75,45,256.97,,,
2024-01-04 10:05:17,tf,NFO,50402,215.10,-39.32,1704342917,5337285,214.85,215.30,180,165,256.94,,,
2024-01-04 10:05:17,tf,NFO,50402,215.05,-39.34,1704342917,,,,,,,,,
2024-01-04 10:05:18,tf,NFO,50402,215.10,-39.32,1704342918,,,,,,,,,
2024-01-04 10:05:18,tf,NFO,50402,214.95,-39.37,1704342918,5338290,215.05,215.40,45,30,256.93,,,
2024-01-04 10:05:19,tf,NFO,50402,216.45,-38.94,1704342919,,,,,,,,,
2024-01-04 10:05:19,tf,NFO,50402,216.65,-38.89,1704342919,5339295,216.80,217.05,,15,,,,
2024-01-04 10:05:20,tf,NFO,50402,216.95,-38.80,1704342920,,,,,,,,,
2024-01-04 10:05:20,tf,NFO,50402,216.45,-38.94,1704342920,5339685,216.20,216.55,195,60,256.92,,,
2024-01-04 10:05:21,tf,NFO,50402,217.05,-38.77,1704342921,,,,,,,,,
2024-01-04 10:05:21,tf,NFO,50402,216.65,-38.89,1704342921,5341845,216.65,216.95,180,75,256.91,,,
2024-01-04 10:05:22,tf,NFO,50402,215.30,-39.27,1704342922,,,,,,,,,
2024-01-04 10:05:22,tf,NFO,50402,215.40,-39.24,1704342922,5344380,215.30,215.55,45,45,256.89,,,
2024-01-04 10:05:23,tf,NFO,50402,215.00,-39.35,1704342923,,,,,,,,,
2024-01-04 10:05:23,tf,NFO,50402,214.95,-39.37,1704342923,5345280,214.05,214.35,15,225,256.88,,,
2024-01-04 10:05:24,tf,NFO,50402,214.20,-39.58,1704342924,,,,,,,,,
2024-01-04 10:05:24,tf,NFO,50402,214.60,-39.46,1704342924,5347455,214.35,214.55,,150,256.86,,,
2024-01-04 10:05:25,tf,NFO,50402,214.55,-39.48,1704342925,,,,,,,,,
2024-01-04 10:05:25,tf,NFO,50402,214.25,-39.56,1704342925,5349465,214.30,,45,120,256.85,,,
2024-01-04 10:05:26,tf,NFO,50402,216.00,-39.07,1704342926,,,,,,,,,
2024-01-04 10:05:26,tf,NFO,50402,215.65,-39.17,1704342926,5351205,215.60,216.05,105,135,256.83,,,
2024-01-04 10:05:27,tf,NFO,50402,215.20,-39.29,1704342927,,,,,,,,,
2024-01-04 10:05:27,tf,NFO,50402,215.25,-39.28,1704342927,5352450,215.00,215.35,405,180,256.82,,,
2024-01-04 10:05:28,tf,NFO,50402,215.70,-39.15,1704342928,,,,,,,,,
2024-01-04 10:05:28,tf,NFO,50402,217.00,-38.79,1704342928,5355210,217.00,217.35,195,45,256.80,,,
2024-01-04 10:05:29,tf,NFO,50402,217.10,-38.76,1704342929,,,,,,,,,
2024-01-04 10:05:29,tf,NFO,50402,217.30,-38.70,1704342929,5357745,217.30,217.70,345,60,256.78,,,
2024-01-04 10:05:30,tf,NFO,50402,217.55,-38.63,1704342930,5358525,217.25,217.65,30,30,,,,
2024-01-04 10:05:31,tf,NFO,50402,217.05,-38.77,1704342931,,,,,,,,,
2024-01-04 10:05:31,tf,NFO,50402,216.80,-38.84,1704342931,5359170,216.45,216.75,15,15,256.77,,,
2024-01-04 10:05:32,tf,NFO,50402,217.60,-38.62,1704342932,,,,,,,1277955,,
2024-01-04 10:05:32,tf,NFO,50402,217.90,-38.53,1704342932,5360220,217.55,218.00,255,60,,,,
2024-01-04 10:05:33,tf,NFO,50402,217.80,-38.56,1704342933,,,,,,,,,
2024-01-04 10:05:34,tf,NFO,50402,216.75,-38.86,1704342933,5363205,216.65,217.10,165,90,256.75,,,
2024-01-04 10:05:34,tf,NFO,50402,216.90,-38.82,1704342934,,,,,,,,,
2024-01-04 10:05:34,tf,NFO,50402,216.40,-38.96,1704342934,5363700,215.85,216.20,30,45,256.74,,,
2024-01-04 10:05:35,tf,NFO,50402,217.25,-38.72,1704342935,,,,,,,,,
2024-01-04 10:05:35,tf,NFO,50402,218.00,-38.50,1704342935,5364630,217.95,218.40,15,150,256.73,,,
2024-01-04 10:05:36,tf,NFO,50402,220.10,-37.91,1704342936,,,,,,,,,
2024-01-04 10:05:36,tf,NFO,50402,221.00,-37.66,1704342936,5369130,221.05,221.45,105,75,256.70,,,
2024-01-04 10:05:37,tf,NFO,50402,221.20,-37.60,1704342937,5370390,220.65,221.05,90,120,,,,
2024-01-04 10:05:38,tf,NFO,50402,221.35,-37.56,1704342938,,,,,,,,,
2024-01-04 10:05:38,tf,NFO,50402,221.50,-37.52,1704342938,5372160,220.95,221.40,285,300,256.68,,,
2024-01-04 10:05:39,tf,NFO,50402,221.10,-37.63,1704342939,,,,,,,,,
2024-01-04 10:05:39,tf,NFO,50402,220.85,-37.70,1704342939,5374095,220.85,221.30,120,15,256.67,,,
2024-01-04 10:05:40,tf,NFO,50402,221.80,-37.43,1704342940,,,,,,,,,
2024-01-04 10:05:40,tf,NFO,50402,221.15,-37.62,1704342940,5375955,221.05,221.50,90,90,256.66,,,
2024-01-04 10:05:41,tf,NFO,50402,220.70,-37.74,1704342941,,,,,,,,,
2024-01-04 10:05:41,tf,NFO,50402,220.85,-37.70,1704342941,5377005,220.80,221.15,30,15,256.65,,,
2024-01-04 10:05:42,tf,NFO,50402,223.80,-36.87,1704342942,,,,,,,,,
2024-01-04 10:05:42,tf,NFO,50402,223.60,-36.93,1704342942,5378685,223.15,223.60,135,60,256.64,,,
2024-01-04 10:05:43,tf,NFO,50402,222.10,-37.35,1704342943,,,,,,,,,
