timestamp,t,e,tk,lp,pc,ft,v,bp1,sp1,bq1,sq1,ap,oi,_id
2024-01-02 11:59:09,tf,NFO,46832,275.80,123.05,1704176949,71365035,275.90,276.20,150,15,,,
2024-01-02 11:59:09,tf,NFO,46832,275.90,123.13,1704176949,,,,,,,,
2024-01-02 11:59:10,tf,NFO,46832,275.80,123.05,1704176950,,,,,,,,
2024-01-02 11:59:10,tf,NFO,46832,275.95,123.17,1704176950,71365680,275.85,276.40,255,60,,,
2024-01-02 11:59:11,tf,NFO,46832,276.00,123.21,1704176950,71366310,276.35,276.80,30,90,,,
2024-01-02 11:59:11,tf,NFO,46832,277.30,124.26,1704176951,,,,,,,,
2024-01-02 11:59:12,tf,NFO,46832,278.30,125.07,1704176951,71374290,278.40,278.85,60,,218.96,,
2024-01-02 11:59:12,tf,NFO,46832,278.65,125.35,1704176952,,,,,,,,
2024-01-02 11:59:13,tf,NFO,46832,278.00,124.83,1704176952,71390550,277.55,278.20,210,420,218.97,,
2024-01-02 11:59:14,tf,NFO,46832,278.55,125.27,1704176954,71395260,277.75,278.40,165,165,218.98,,
2024-01-02 11:59:15,tf,NFO,46832,277.95,124.79,1704176954,71396535,277.40,277.95,375,30,,,
2024-01-02 11:59:15,tf,NFO,46832,277.60,124.50,1704176955,,,,,,,,
2024-01-02 11:59:16,tf,NFO,46832,279.85,126.32,1704176956,71397825,279.30,279.65,15,,,,
2024-01-02 11:59:16,tf,NFO,46832,280.00,126.45,1704176956,,,,,,,,
2024-01-02 11:59:17,tf,NFO,46832,279.60,126.12,1704176957,71400630,279.80,280.00,90,60,,,
2024-01-02 11:59:18,tf,NFO,46832,280.20,126.61,1704176957,71402610,279.65,280.20,210,45,,,
2024-01-02 11:59:18,tf,NFO,46832,278.25,125.03,1704176958,,,,,,,,
2024-01-02 11:59:19,tf,NFO,46832,280.30,126.69,1704176958,71404575,280.25,280.75,75,180,,,
2024-01-02 11:59:19,tf,NFO,46832,279.65,126.16,1704176959,,,,,,,,
2024-01-02 11:59:20,tf,NFO,46832,279.80,126.28,1704176959,71407155,279.50,279.75,150,90,218.99,,
2024-01-02 11:59:20,tf,NFO,46832,278.45,125.19,1704176960,,,,,,,,
2024-01-02 11:59:21,tf,NFO,46832,278.55,125.27,1704176961,71412420,278.55,278.95,15,135,,,
2024-01-02 11:59:21,tf,NFO,46832,278.95,125.60,1704176961,,,,,,,,
2024-01-02 11:59:22,tf,NFO,46832,278.00,124.83,1704176962,,,,,,,,
2024-01-02 11:59:22,tf,NFO,46832,277.20,124.18,1704176962,71414175,277.20,277.55,,120,,,
2024-01-02 11:59:23,tf,NFO,46832,277.55,124.46,1704176963,,,,,,,,
2024-01-02 11:59:23,tf,NFO,46832,277.35,124.30,1704176963,71415570,276.85,277.40,435,30,,,
2024-01-02 11:59:24,tf,NFO,46832,277.85,124.71,1704176964,,,,,,,,
2024-01-02 11:59:24,tf,NFO,46832,277.70,124.59,1704176964,71416050,277.25,277.85,210,150,,,
2024-01-02 11:59:25,tf,NFO,46832,278.05,124.87,1704176964,71416680,277.95,278.55,285,30,,,
2024-01-02 11:59:25,tf,NFO,46832,278.65,125.35,1704176965,,,,,,,,
2024-01-02 11:59:26,tf,NFO,46832,278.55,125.27,1704176965,71417325,278.55,279.00,195,2430,,,
2024-01-02 11:59:26,tf,NFO,46832,279.00,125.64,1704176966,,,,,,,,
2024-01-02 11:59:27,tf,NFO,46832,278.80,125.48,1704176966,71421795,278.90,279.30,30,195,219.00,,
2024-01-02 11:59:27,tf,NFO,46832,278.35,125.11,1704176967,,,,,,,,
2024-01-02 11:59:28,tf,NFO,46832,278.45,125.19,1704176967,71424105,278.45,278.95,90,90,,,
2024-01-02 11:59:28,tf,NFO,46832,279.05,125.68,1704176968,,,,,,,,
2024-01-02 11:59:29,tf,NFO,46832,279.20,125.80,1704176968,71425155,278.75,279.30,45,15,,,
2024-01-02 11:59:29,tf,NFO,46832,278.65,125.35,1704176969,,,,,,,,
2024-01-02 11:59:30,tf,NFO,46832,278.00,124.83,1704176970,71427420,278.00,278.35,225,30,,,
2024-01-02 11:59:30,tf,NFO,46832,278.55,125.27,1704176970,,,,,,,,
2024-01-02 11:59:30,tf,NFO,46832,278.00,124.83,1704176970,71427420,278.00,278.35,225,30,,,
2024-01-02 11:59:30,tf,NFO,46832,278.55,125.27,1704176970,,,,,,,,
2024-01-02 11:59:31,tf,NFO,46832,278.35,125.11,1704176971,71429010,278.40,278.65,135,15,,,
2024-01-02 11:59:31,tf,NFO,46832,278.35,125.11,1704176971,71429010,278.40,278.65,135,15,,,
2024-01-02 11:59:32,tf,NFO,46832,278.15,124.95,1704176972,,,,,,,,
2024-01-02 11:59:32,tf,NFO,46832,278.15,124.95,1704176972,,,,,,,,
2024-01-02 11:59:33,tf,NFO,46832,278.00,124.83,1704176972,71430120,278.05,278.55,75,,,,
2024-01-02 11:59:33,tf,NFO,46832,278.00,124.83,1704176972,71430120,278.05,278.55,75,,,,
2024-01-02 11:59:33,tf,NFO,46832,277.20,124.18,1704176973,,,,,,,,
2024-01-02 11:59:33,tf,NFO,46832,277.20,124.18,1704176973,,,,,,,,
2024-01-02 11:59:34,tf,NFO,46832,277.35,124.30,1704176973,71432790,277.10,277.65,225,15,219.01,,
2024-01-02 11:59:34,tf,NFO,46832,277.35,124.30,1704176973,71432790,277.10,277.65,225,15,219.01,,
2024-01-02 11:59:34,tf,NFO,46832,277.60,124.50,1704176974,,,,,,,,
2024-01-02 11:59:34,tf,NFO,46832,277.60,124.50,1704176974,,,,,,,,
2024-01-02 11:59:35,tf,NFO,46832,277.90,124.75,1704176974,71434095,277.15,277.70,150,270,,,
2024-01-02 11:59:35,tf,NFO,46832,277.90,124.75,1704176974,71434095,277.15,277.70,150,270,,,
2024-01-02 11:59:35,tf,NFO,46832,277.05,124.06,1704176975,,,,,,,,
2024-01-02 11:59:35,tf,NFO,46832,277.05,124.06,1704176975,,,,,,,,
2024-01-02 11:59:36,tf,NFO,46832,276.20,123.37,1704176975,71436630,276.40,276.95,,300,,,
2024-01-02 11:59:36,tf,NFO,46832,276.20,123.37,1704176975,71436630,276.40,276.95,,300,,,
2024-01-02 11:59:36,tf,NFO,46832,276.00,123.21,1704176976,,,,,,,,
2024-01-02 11:59:36,tf,NFO,46832,276.00,123.21,1704176976,,,,,,,,
2024-01-02 11:59:37,tf,NFO,46832,276.30,123.45,1704176976,71437620,276.10,276.60,195,75,,,
2024-01-02 11:59:37,tf,NFO,46832,276.30,123.45,1704176976,71437620,276.10,276.60,195,75,,,
2024-01-02 11:59:37,tf,NFO,46832,275.50,122.81,1704176977,,,,,,,,
2024-01-02 11:59:37,tf,NFO,46832,275.50,122.81,1704176977,,,,,,,,
2024-01-02 11:59:38,tf,NFO,46832,276.30,123.45,1704176977,71438580,275.90,276.40,90,165,,,
2024-01-02 11:59:38,tf,NFO,46832,276.30,123.45,1704176977,71438580,275.90,276.40,90,165,,,
2024-01-02 11:59:38,tf,NFO,46832,275.65,122.93,1704176978,,,,,,,,
2024-01-02 11:59:38,tf,NFO,46832,275.65,122.93,1704176978,,,,,,,,
2024-01-02 11:59:39,tf,NFO,46832,276.55,123.66,1704176979,71439450,276.25,276.75,210,90,,,
2024-01-02 11:59:39,tf,NFO,46832,276.55,123.66,1704176979,71439450,276.25,276.75,210,90,,,
2024-01-02 11:59:40,tf,NFO,46832,274.85,122.28,1704176980,,,,,,,,
2024-01-02 11:59:40,tf,NFO,46832,274.85,122.28,1704176980,,,,,,,,
2024-01-02 11:59:41,tf,NFO,46832,275.50,122.81,1704176981,,,,,,,,
2024-01-02 11:59:41,tf,NFO,46832,274.90,122.32,1704176981,71448555,274.75,275.35,315,150,,,
2024-01-02 11:59:42,tf,NFO,46832,274.40,121.92,1704176981,71449065,274.35,274.85,15,105,,,
2024-01-02 11:59:42,tf,NFO,46832,274.30,121.84,1704176982,,,,,,,,
2024-01-02 11:59:43,tf,NFO,46832,275.15,122.52,1704176982,71450160,275.10,275.55,30,90,,,
2024-01-02 11:59:43,tf,NFO,46832,275.00,122.40,1704176983,,,,,,,,
2024-01-02 11:59:44,tf,NFO,46832,275.30,122.64,1704176983,71450400,275.15,275.60,270,165,,,
2024-01-02 11:59:44,tf,NFO,46832,275.15,122.52,1704176984,,,,,,,,
2024-01-02 12:00:56,tf,NFO,46832,267.75,116.54,1704177055,71607960,267.40,267.85,300,60,,,
2024-01-02 12:00:56,tf,NFO,46832,267.55,116.38,1704177056,,,,,,,,
2024-01-02 12:00:57,tf,NFO,46832,267.25,116.13,1704177056,71624775,266.75,267.25,30,120,219.14,,
2024-01-02 12:00:57,tf,NFO,46832,267.00,115.93,1704177057,,,,,,,,
2024-01-02 12:00:58,tf,NFO,46832,267.45,116.30,1704177057,71626065,267.10,267.60,165,60,219.15,,
2024-01-02 12:00:58,tf,NFO,46832,267.85,116.62,1704177058,,,,,,,,
2024-01-02 12:00:59,tf,NFO,46832,271.25,119.37,1704177059,,,,,,,,
2024-01-02 12:00:59,tf,NFO,46832,271.75,119.77,1704177059,71634840,271.30,271.95,30,540,,,
2024-01-02 12:01:00,tf,NFO,46832,272.00,119.98,1704177060,,,,,,,,
2024-01-02 12:01:00,tf,NFO,46832,271.70,119.73,1704177060,71637915,271.65,272.00,,1065,,,
2024-01-02 12:01:01,tf,NFO,46832,271.90,119.89,1704177061,,,,,,,,
2024-01-02 12:01:01,tf,NFO,46832,271.35,119.45,1704177061,71642445,271.35,271.80,15,375,219.16,,
2024-01-02 12:01:02,tf,NFO,46832,272.40,120.30,1704177062,71643000,272.45,273.00,180,60,,,
2024-01-02 12:01:03,tf,NFO,46832,273.60,121.27,1704177063,71643915,273.25,273.60,240,105,,,
2024-01-02 12:01:03,tf,NFO,46832,274.55,122.04,1704177063,,,,,,,,
2024-01-02 12:01:04,tf,NFO,46832,277.30,124.26,1704177064,71652270,277.30,277.45,60,15,219.17,,
2024-01-02 12:01:04,tf,NFO,46832,277.10,124.10,1704177064,,,,,,,,
2024-01-02 12:01:05,tf,NFO,46832,278.10,124.91,1704177065,71659725,277.70,278.25,75,60,,,
2024-01-02 12:01:05,tf,NFO,46832,278.30,125.07,1704177065,,,,,,,,
2024-01-02 12:01:06,tf,NFO,46832,278.40,125.15,1704177066,71662995,278.40,278.60,360,30,,,
2024-01-02 12:01:06,tf,NFO,46832,278.95,125.60,1704177066,,,,,,,,
2024-01-02 12:01:07,tf,NFO,46832,278.45,125.19,1704177067,71667690,277.80,278.40,300,225,219.18,,
2024-01-02 12:01:07,tf,NFO,46832,278.50,125.23,1704177067,,,,,,,,
2024-01-02 12:01:08,tf,NFO,46832,277.80,124.67,1704177068,,,,,,,,
2024-01-02 12:01:08,tf,NFO,46832,277.25,124.22,1704177068,71679315,277.10,277.40,15,180,219.19,,
2024-01-02 12:01:09,tf,NFO,46832,276.75,123.82,1704177069,,,,,,,,
2024-01-02 12:01:09,tf,NFO,46832,276.50,123.62,1704177069,71682990,276.65,277.25,195,165,,,
2024-01-02 12:01:10,tf,NFO,46832,276.85,123.90,1704177070,,,,,,,,
2024-01-02 12:01:10,tf,NFO,46832,277.05,124.06,1704177070,71687910,277.30,277.70,420,75,,,
2024-01-02 12:01:11,tf,NFO,46832,278.15,124.95,1704177071,71691945,277.35,277.90,375,180,219.20,,
2024-01-02 12:01:11,tf,NFO,46832,276.55,123.66,1704177071,,,,,,,,
2024-01-02 12:01:12,tf,NFO,46832,273.25,120.99,1704177072,71697300,273.25,273.90,210,285,,,
2024-01-02 12:01:13,tf,NFO,46832,274.30,121.84,1704177073,71700330,273.95,274.60,405,90,,,
2024-01-02 12:01:13,tf,NFO,46832,274.00,121.59,1704177073,,,,,,,,
2024-01-02 12:01:13,tf,NFO,46832,274.30,121.84,1704177073,71700330,273.95,274.60,405,90,,,
2024-01-02 12:01:13,tf,NFO,46832,274.00,121.59,1704177073,,,,,,,,
2024-01-02 12:01:14,tf,NFO,46832,274.25,121.80,1704177074,71703810,274.20,274.75,195,,219.21,,
2024-01-02 12:01:14,tf,NFO,46832,274.25,121.80,1704177074,71703810,274.20,274.75,195,,219.21,,
2024-01-02 12:01:14,tf,NFO,46832,274.00,121.59,1704177074,,,,,,,,
2024-01-02 12:01:14,tf,NFO,46832,274.00,121.59,1704177074,,,,,,,,
2024-01-02 12:01:15,tf,NFO,46832,274.20,121.75,1704177075,71705940,273.90,274.25,420,,,,
2024-01-02 12:01:15,tf,NFO,46832,274.20,121.75,1704177075,71705940,273.90,274.25,420,,,,
2024-01-02 12:01:15,tf,NFO,46832,273.55,121.23,1704177075,,,,,,,,
2024-01-02 12:01:15,tf,NFO,46832,273.55,121.23,1704177075,,,,,,,,
2024-01-02 12:01:16,tf,NFO,46832,273.40,121.11,1704177076,71707485,273.20,273.65,405,30,,,
2024-01-02 12:01:16,tf,NFO,46832,273.40,121.11,1704177076,71707485,273.20,273.65,405,30,,,
2024-01-02 12:01:17,tf,NFO,46832,273.60,121.27,1704177077,71707980,273.10,273.60,195,135,,,
2024-01-02 12:01:17,tf,NFO,46832,273.60,121.27,1704177077,71707980,273.10,273.60,195,135,,,
2024-01-02 12:01:18,tf,NFO,46832,272.90,120.70,1704177078,,,,,,,,
2024-01-02 12:01:18,tf,NFO,46832,272.90,120.70,1704177078,,,,,,,,
2024-01-02 12:01:18,tf,NFO,46832,273.25,120.99,1704177078,71712855,272.70,273.20,,120,,,
2024-01-02 12:01:18,tf,NFO,46832,273.25,120.99,1704177078,71712855,272.70,273.20,,120,,,
2024-01-02 12:01:19,tf,NFO,46832,272.95,120.74,1704177079,,,,,,,,
2024-01-02 12:01:19,tf,NFO,46832,272.95,120.74,1704177079,,,,,,,,
2024-01-02 12:01:19,tf,NFO,46832,273.25,120.99,1704177079,71714130,272.80,273.35,105,225,,,
2024-01-02 12:01:19,tf,NFO,46832,273.25,120.99,1704177079,71714130,272.80,273.35,105,225,,,
2024-01-02 12:01:20,tf,NFO,46832,274.45,121.96,1704177080,,,,,,,,
2024-01-02 12:01:20,tf,NFO,46832,274.45,121.96,1704177080,,,,,,,,
2024-01-02 12:01:20,tf,NFO,46832,274.00,121.59,1704177080,71716875,274.00,274.50,480,165,219.22,,
2024-01-02 12:01:20,tf,NFO,46832,274.00,121.59,1704177080,71716875,274.00,274.50,480,165,219.22,,
2024-01-02 12:01:21,tf,NFO,46832,274.90,122.32,1704177081,71717340,274.90,275.25,225,15,,,
2024-01-02 12:01:21,tf,NFO,46832,274.90,122.32,1704177081,71717340,274.90,275.25,225,15,,,
2024-01-02 12:01:21,tf,NFO,46832,275.35,122.68,1704177081,,,,,,,,
2024-01-02 12:01:21,tf,NFO,46832,275.35,122.68,1704177081,,,,,,,,
2024-01-02 12:01:22,tf,NFO,46832,276.00,123.21,1704177082,71718885,275.45,276.00,390,1185,,,
2024-01-02 12:01:22,tf,NFO,46832,276.00,123.21,1704177082,71718885,275.45,276.00,390,1185,,,
2024-01-02 12:01:23,tf,NFO,46832,274.70,122.16,1704177083,71723925,274.30,274.75,15,30,,,
2024-01-02 12:01:23,tf,NFO,46832,274.70,122.16,1704177083,71723925,274.30,274.75,15,30,,,
2024-01-02 12:01:23,tf,NFO,46832,274.60,122.08,1704177083,,,,,,,,
2024-01-02 12:01:23,tf,NFO,46832,274.60,122.08,1704177083,,,,,,,,
2024-01-02 12:01:24,tf,NFO,46832,274.75,122.20,1704177084,,,,,,,,
2024-01-02 12:01:24,tf,NFO,46832,274.75,122.20,1704177084,,,,,,,,
2024-01-02 12:01:24,tf,NFO,46832,275.30,122.64,1704177084,71730240,274.70,275.35,345,285,219.23,,
2024-01-02 12:01:24,tf,NFO,46832,275.30,122.64,1704177084,71730240,274.70,275.35,345,285,219.23,,
2024-01-02 12:01:25,tf,NFO,46832,274.70,122.16,1704177085,,,,,,,,
2024-01-02 12:01:25,tf,NFO,46832,274.70,122.16,1704177085,,,,,,,,
2024-01-02 12:01:25,tf,NFO,46832,275.50,122.81,1704177085,71732355,275.20,275.80,30,420,,,
2024-01-02 12:01:25,tf,NFO,46832,275.50,122.81,1704177085,71732355,275.20,275.80,30,420,,,
2024-01-02 12:01:26,tf,NFO,46832,276.10,123.29,1704177086,,,,,,,,
2024-01-02 12:01:26,tf,NFO,46832,276.10,123.29,1704177086,,,,,,,,
2024-01-02 12:01:26,tf,NFO,46832,276.00,123.21,1704177086,71734245,276.05,276.60,150,45,,,
2024-01-02 12:01:26,tf,NFO,46832,276.00,123.21,1704177086,71734245,276.05,276.60,150,45,,,
2024-01-02 12:01:27,tf,NFO,46832,274.30,121.84,1704177087,71738505,274.35,274.85,45,150,,,
2024-01-02 12:01:27,tf,NFO,46832,274.30,121.84,1704177087,71738505,274.35,274.85,45,150,,,
2024-01-02 12:01:27,tf,NFO,46832,274.65,122.12,1704177087,,,,,,,,
2024-01-02 12:01:27,tf,NFO,46832,274.65,122.12,1704177087,,,,,,,,
2024-01-02 12:01:28,tf,NFO,46832,275.15,122.52,1704177088,,,,,,,,
2024-01-02 12:01:28,tf,NFO,46832,275.15,122.52,1704177088,,,,,,,,
2024-01-02 12:01:28,tf,NFO,46832,275.65,122.93,1704177088,71743110,275.10,275.60,195,225,219.24,,
2024-01-02 12:01:28,tf,NFO,46832,275.65,122.93,1704177088,71743110,275.10,275.60,195,225,219.24,,
2024-01-02 12:01:29,tf,NFO,46832,275.10,122.48,1704177089,,,,,,,,
2024-01-02 12:01:29,tf,NFO,46832,275.10,122.48,1704177089,,,,,,,,
2024-01-02 12:01:30,tf,NFO,46832,275.65,122.93,1704177090,,,,,,,,
2024-01-02 12:01:30,tf,NFO,46832,275.65,122.93,1704177090,,,,,,,,
2024-01-02 12:01:31,tf,NFO,46832,274.30,121.84,1704177091,,,,,,,,
2024-01-02 12:01:31,tf,NFO,46832,274.70,122.16,1704177091,71751525,274.60,275.15,30,345,,,
2024-01-02 12:01:32,tf,NFO,46832,275.30,122.64,1704177092,71751765,275.40,275.85,225,30,,,
2024-01-02 12:01:32,tf,NFO,46832,275.40,122.73,1704177092,,,,,,,,
2024-01-02 12:01:33,tf,NFO,46832,274.20,121.75,1704177093,,,,,,,,
2024-01-02 12:01:34,tf,NFO,46832,275.00,122.40,1704177094,,,,,,,,
2024-01-02 12:01:34,tf,NFO,46832,275.10,122.48,1704177094,71761470,275.00,275.40,,405,,,
2024-01-02 12:01:35,tf,NFO,46832,275.65,122.93,1704177095,,,,,,,,
2024-01-02 12:01:35,tf,NFO,46832,275.10,122.48,1704177095,71765115,275.05,275.65,15,555,,,
2024-01-02 12:01:36,tf,NFO,46832,275.75,123.01,1704177096,71765820,275.30,275.75,90,30,,,
2024-01-02 12:01:37,tf,NFO,46832,276.65,123.74,1704177097,,,,,,,,
2024-01-02 12:01:37,tf,NFO,46832,277.00,124.02,1704177097,71767920,276.50,277.00,690,735,219.26,,
2024-01-02 12:01:38,tf,NFO,46832,276.45,123.57,1704177098,71768460,276.45,276.95,15,180,,,
2024-01-02 12:01:38,tf,NFO,46832,277.25,124.22,1704177098,,,,,,,,
2024-01-02 12:01:39,tf,NFO,46832,279.55,126.08,1704177099,,,,,,,,
2024-01-02 12:01:39,tf,NFO,46832,279.15,125.76,1704177099,71781225,279.15,279.45,165,75,219.27,,
2024-01-02 12:01:39,tf,NFO,46832,279.15,125.76,1704177099,71781225,279.15,279.45,165,75,219.27,,
2024-01-02 12:01:40,tf,NFO,46832,278.10,124.91,1704177100,71782500,278.20,278.75,345,,,,
2024-01-02 12:01:40,tf,NFO,46832,278.10,124.91,1704177100,71782500,278.20,278.75,345,,,,
2024-01-02 12:01:40,tf,NFO,46832,279.00,125.64,1704177100,,,,,,,,
2024-01-02 12:01:40,tf,NFO,46832,279.00,125.64,1704177100,,,,,,,,
2024-01-02 12:01:41,tf,NFO,46832,280.00,126.45,1704177101,71790000,279.60,280.00,195,19170,,,
2024-01-02 12:01:41,tf,NFO,46832,280.00,126.45,1704177101,71790000,279.60,280.00,195,19170,,,
2024-01-02 12:01:41,tf,NFO,46832,279.80,126.28,1704177101,,,,,,,,
2024-01-02 12:01:41,tf,NFO,46832,279.80,126.28,1704177101,,,,,,,,
2024-01-02 12:01:42,tf,NFO,46832,277.70,124.59,1704177102,,,,,,,,
2024-01-02 12:01:42,tf,NFO,46832,277.70,124.59,1704177102,,,,,,,,
2024-01-02 12:01:42,tf,NFO,46832,277.20,124.18,1704177102,71794530,277.15,277.65,15,75,219.28,,
2024-01-02 12:01:42,tf,NFO,46832,277.20,124.18,1704177102,71794530,277.15,277.65,15,75,219.28,,
2024-01-02 12:01:43,tf,NFO,46832,278.75,125.43,1704177103,,,,,,,,
2024-01-02 12:01:43,tf,NFO,46832,278.75,125.43,1704177103,,,,,,,,
2024-01-02 12:01:43,tf,NFO,46832,277.65,124.55,1704177103,71796360,277.40,277.85,255,30,,,
2024-01-02 12:01:43,tf,NFO,46832,277.65,124.55,1704177103,71796360,277.40,277.85,255,30,,,
2024-01-02 12:01:44,tf,NFO,46832,277.55,124.46,1704177104,,,,,,,,
2024-01-02 12:01:44,tf,NFO,46832,277.55,124.46,1704177104,,,,,,,,
2024-01-02 12:01:44,tf,NFO,46832,277.90,124.75,1704177104,71797860,277.05,277.55,15,195,,,
2024-01-02 12:01:44,tf,NFO,46832,277.90,124.75,1704177104,71797860,277.05,277.55,15,195,,,
2024-01-02 12:01:45,tf,NFO,46832,278.10,124.91,1704177105,71800200,277.35,277.75,30,30,,,
2024-01-02 12:01:45,tf,NFO,46832,278.10,124.91,1704177105,71800200,277.35,277.75,30,30,,,
2024-01-02 12:01:45,tf,NFO,46832,277.35,124.30,1704177105,,,,,,,,
2024-01-02 12:01:45,tf,NFO,46832,277.35,124.30,1704177105,,,,,,,,
2024-01-02 12:01:46,tf,NFO,46832,276.00,123.21,1704177106,71808555,275.95,276.45,15,15,219.29,,
2024-01-02 12:01:46,tf,NFO,46832,276.00,123.21,1704177106,71808555,275.95,276.45,15,15,219.29,,
2024-01-02 12:01:46,tf,NFO,46832,276.15,123.33,1704177106,,,,,,,,
2024-01-02 12:01:46,tf,NFO,46832,276.15,123.33,1704177106,,,,,,,,
2024-01-02 12:01:47,tf,NFO,46832,276.50,123.62,1704177107,,,,,,,,
2024-01-02 12:01:47,tf,NFO,46832,276.50,123.62,1704177107,,,,,,,,
2024-01-02 12:01:48,tf,NFO,46832,275.05,122.44,1704177108,,,,,,,,
2024-01-02 12:01:48,tf,NFO,46832,275.05,122.44,1704177108,,,,,,,,
2024-01-02 12:01:49,tf,NFO,46832,276.80,123.86,1704177109,,,,,,,,
2024-01-02 12:01:49,tf,NFO,46832,276.80,123.86,1704177109,,,,,,,,
2024-01-02 12:01:50,tf,NFO,46832,277.60,124.50,1704177109,71818380,277.55,278.00,60,,,,
2024-01-02 12:01:50,tf,NFO,46832,277.60,124.50,1704177109,71818380,277.55,278.00,60,,,,
2024-01-02 12:01:50,tf,NFO,46832,277.40,124.34,1704177110,71819085,277.10,277.65,150,15,,,
2024-01-02 12:01:50,tf,NFO,46832,277.40,124.34,1704177110,71819085,277.10,277.65,150,15,,,
2024-01-02 12:01:51,tf,NFO,46832,277.95,124.79,1704177111,71819610,277.60,277.95,90,,,,
2024-01-02 12:01:51,tf,NFO,46832,277.95,124.79,1704177111,71819610,277.60,277.95,90,,,,
2024-01-02 12:01:52,tf,NFO,46832,278.70,125.39,1704177112,71821425,278.85,279.25,,30,,,
2024-01-02 12:01:52,tf,NFO,46832,278.70,125.39,1704177112,71821425,278.85,279.25,,30,,,
2024-01-02 12:01:52,tf,NFO,46832,279.60,126.12,1704177112,,,,,,,,
2024-01-02 12:01:52,tf,NFO,46832,279.60,126.12,1704177112,,,,,,,,
2024-01-02 12:01:53,tf,NFO,46832,279.15,125.76,1704177113,,,,,,,,
2024-01-02 12:01:53,tf,NFO,46832,279.15,125.76,1704177113,,,,,,,,
2024-01-02 12:01:53,tf,NFO,46832,280.00,126.45,1704177113,71825085,279.50,280.00,240,20580,,,
2024-01-02 12:01:53,tf,NFO,46832,280.00,126.45,1704177113,71825085,279.50,280.00,240,20580,,,
2024-01-02 12:01:54,tf,NFO,46832,278.15,124.95,1704177114,,,,,,,,
2024-01-02 12:01:54,tf,NFO,46832,278.15,124.95,1704177114,,,,,,,,
2024-01-02 12:01:54,tf,NFO,46832,278.05,124.87,1704177114,71829615,278.05,278.65,285,165,219.31,,
2024-01-02 12:01:54,tf,NFO,46832,278.05,124.87,1704177114,71829615,278.05,278.65,285,165,219.31,,
2024-01-02 12:01:55,tf,NFO,46832,277.05,124.06,1704177115,,,,,,,,
2024-01-02 12:01:55,tf,NFO,46832,277.05,124.06,1704177115,,,,,,,,
2024-01-02 12:01:55,tf,NFO,46832,277.55,124.46,1704177115,71838435,277.50,278.10,105,45,,,
2024-01-02 12:01:55,tf,NFO,46832,277.55,124.46,1704177115,71838435,277.50,278.10,105,45,,,
2024-01-02 12:01:56,tf,NFO,46832,276.70,123.78,1704177116,71843820,276.75,277.40,30,120,219.32,,
2024-01-02 12:01:56,tf,NFO,46832,276.70,123.78,1704177116,71843820,276.75,277.40,30,120,219.32,,
2024-01-02 12:01:56,tf,NFO,46832,276.50,123.62,1704177116,,,,,,,,
2024-01-02 12:01:56,tf,NFO,46832,276.50,123.62,1704177116,,,,,,,,
2024-01-02 12:01:57,tf,NFO,46832,277.15,124.14,1704177117,71847330,,277.25,600,105,,,
2024-01-02 12:01:57,tf,NFO,46832,277.15,124.14,1704177117,71847330,,277.25,600,105,,,
2024-01-02 12:01:57,tf,NFO,46832,276.90,123.94,1704177117,,,,,,,,
2024-01-02 12:01:57,tf,NFO,46832,276.90,123.94,1704177117,,,,,,,,
2024-01-02 12:01:58,tf,NFO,46832,276.35,123.49,1704177118,71850180,276.05,276.45,45,120,,,
2024-01-02 12:01:58,tf,NFO,46832,276.35,123.49,1704177118,71850180,276.05,276.45,45,120,,,
2024-01-02 12:01:59,tf,NFO,46832,274.65,122.12,1704177119,71853885,275.05,275.65,165,105,219.33,,
2024-01-02 12:01:59,tf,NFO,46832,274.65,122.12,1704177119,71853885,275.05,275.65,165,105,219.33,,
2024-01-02 12:01:59,tf,NFO,46832,274.70,122.16,1704177119,,,,,,,,
2024-01-02 12:01:59,tf,NFO,46832,274.70,122.16,1704177119,,,,,,,,
2024-01-02 12:02:00,tf,NFO,46832,274.95,122.36,1704177120,71855505,275.15,,105,180,,,
2024-01-02 12:02:00,tf,NFO,46832,274.95,122.36,1704177120,71855505,275.15,,105,180,,,
2024-01-02 12:02:00,tf,NFO,46832,274.75,122.20,1704177120,,,,,,,,
2024-01-02 12:02:00,tf,NFO,46832,274.75,122.20,1704177120,,,,,,,,
2024-01-02 12:02:01,tf,NFO,46832,275.25,122.60,1704177121,71859885,275.00,275.55,960,165,,,
2024-01-02 12:02:01,tf,NFO,46832,275.25,122.60,1704177121,71859885,275.00,275.55,960,165,,,
2024-01-02 12:02:02,tf,NFO,46832,275.40,122.73,1704177122,,,,,,,,
2024-01-02 12:02:02,tf,NFO,46832,275.40,122.73,1704177122,,,,,,,,
2024-01-02 12:02:02,tf,NFO,46832,275.00,122.40,1704177122,71861655,275.05,275.50,105,420,,,
2024-01-02 12:02:02,tf,NFO,46832,275.00,122.40,1704177122,71861655,275.05,275.50,105,420,,,
2024-01-02 12:02:04,tf,NFO,46832,276.35,123.49,1704177124,,,,,,,,
2024-01-02 12:02:04,tf,NFO,46832,276.35,123.49,1704177124,,,,,,,,
2024-01-02 12:02:04,tf,NFO,46832,275.30,122.64,1704177124,71877570,275.40,275.95,315,105,,,
2024-01-02 12:02:04,tf,NFO,46832,275.30,122.64,1704177124,71877570,275.40,275.95,315,105,,,
2024-01-02 12:02:05,tf,NFO,46832,275.10,122.48,1704177125,71880015,275.15,275.75,420,360,219.35,,
2024-01-02 12:02:05,tf,NFO,46832,275.10,122.48,1704177125,71880015,275.15,275.75,420,360,219.35,,
2024-01-02 12:02:05,tf,NFO,46832,275.20,122.56,1704177125,,,,,,,,
2024-01-02 12:02:05,tf,NFO,46832,275.20,122.56,1704177125,,,,,,,,
2024-01-02 12:02:06,tf,NFO,46832,275.75,123.01,1704177126,71882280,275.35,275.95,165,210,,,
2024-01-02 12:02:06,tf,NFO,46832,275.75,123.01,1704177126,71882280,275.35,275.95,165,210,,,
2024-01-02 12:02:07,tf,NFO,46832,278.70,125.39,1704177127,,,,,,,,
2024-01-02 12:02:07,tf,NFO,46832,278.70,125.39,1704177127,,,,,,,,
2024-01-02 12:02:08,tf,NFO,46832,278.65,125.35,1704177128,,,,,,,,
2024-01-02 12:02:08,tf,NFO,46832,278.65,125.35,1704177128,,,,,,,,
2024-01-02 12:02:08,tf,NFO,46832,278.45,125.19,1704177128,71889825,278.45,278.95,45,30,,,
2024-01-02 12:02:08,tf,NFO,46832,278.45,125.19,1704177128,71889825,278.45,278.95,45,30,,,
2024-01-02 12:02:09,tf,NFO,46832,277.75,124.63,1704177129,,,,,,,,
2024-01-02 12:02:09,tf,NFO,46832,277.75,124.63,1704177129,,,,,,,,
2024-01-02 12:02:10,tf,NFO,46832,276.75,123.82,1704177129,71893170,276.80,277.20,15,285,219.36,,
2024-01-02 12:02:10,tf,NFO,46832,276.75,123.82,1704177129,71893170,276.80,277.20,15,285,219.36,,
2024-01-02 12:02:10,tf,NFO,46832,277.15,124.14,1704177130,71895570,276.90,277.45,195,105,,,
2024-01-02 12:02:10,tf,NFO,46832,277.15,124.14,1704177130,71895570,276.90,277.45,195,105,,,
2024-01-02 12:02:11,tf,NFO,46832,277.60,124.50,1704177131,71895915,277.10,277.70,45,90,,,
2024-01-02 12:02:11,tf,NFO,46832,277.60,124.50,1704177131,71895915,277.10,277.70,45,90,,,
2024-01-02 12:02:11,tf,NFO,46832,277.80,124.67,1704177131,,,,,,,,
2024-01-02 12:02:11,tf,NFO,46832,277.80,124.67,1704177131,,,,,,,,
2024-01-02 12:02:12,tf,NFO,46832,277.85,124.71,1704177132,,,,,,,,
2024-01-02 12:02:12,tf,NFO,46832,277.85,124.71,1704177132,,,,,,,,
2024-01-02 12:02:12,tf,NFO,46832,278.05,124.87,1704177132,71897310,278.10,278.60,75,150,,,
2024-01-02 12:02:12,tf,NFO,46832,278.05,124.87,1704177132,71897310,278.10,278.60,75,150,,,
2024-01-02 12:02:13,tf,NFO,46832,278.60,125.31,1704177133,,,,,,,,
2024-01-02 12:02:13,tf,NFO,46832,278.60,125.31,1704177133,,,,,,,,
2024-01-02 12:02:13,tf,NFO,46832,279.00,125.64,1704177133,71898300,278.45,278.95,15,390,,,
2024-01-02 12:02:13,tf,NFO,46832,279.00,125.64,1704177133,71898300,278.45,278.95,15,390,,,
2024-01-02 12:02:14,tf,NFO,46832,278.75,125.43,1704177134,71899680,278.65,279.25,240,90,,,
2024-01-02 12:02:14,tf,NFO,46832,278.75,125.43,1704177134,71899680,278.65,279.25,240,90,,,
2024-01-02 12:02:14,tf,NFO,46832,279.05,125.68,1704177134,,,,,,,,
2024-01-02 12:02:14,tf,NFO,46832,279.05,125.68,1704177134,,,,,,,,
2024-01-02 12:02:15,tf,NFO,46832,277.85,124.71,1704177135,71904840,277.85,278.40,225,150,219.37,,
2024-01-02 12:02:15,tf,NFO,46832,277.85,124.71,1704177135,71904840,277.85,278.40,225,150,219.37,,
2024-01-02 12:02:15,tf,NFO,46832,277.70,124.59,1704177135,,,,,,,,
2024-01-02 12:02:15,tf,NFO,46832,277.70,124.59,1704177135,,,,,,,,
2024-01-02 12:02:16,tf,NFO,46832,277.80,124.67,1704177136,71910390,277.15,277.50,15,270,,,
2024-01-02 12:02:16,tf,NFO,46832,277.80,124.67,1704177136,71910390,277.15,277.50,15,270,,,
2024-01-02 12:02:16,tf,NFO,46832,277.45,124.38,1704177136,,,,,,,,
2024-01-02 12:02:16,tf,NFO,46832,277.45,124.38,1704177136,,,,,,,,
2024-01-02 12:02:17,tf,NFO,46832,277.50,124.42,1704177137,,,,,,,,
2024-01-02 12:02:17,tf,NFO,46832,277.50,124.42,1704177137,,,,,,,,
2024-01-02 12:02:17,tf,NFO,46832,278.20,124.99,1704177137,71911995,277.25,277.95,420,540,,,
2024-01-02 12:02:17,tf,NFO,46832,278.20,124.99,1704177137,71911995,277.25,277.95,420,540,,,
2024-01-02 12:02:18,tf,NFO,46832,277.35,124.30,1704177138,,,,,,,,
2024-01-02 12:02:18,tf,NFO,46832,277.35,124.30,1704177138,,,,,,,,
2024-01-02 12:02:18,tf,NFO,46832,276.60,123.70,1704177138,71912820,276.15,276.50,45,390,,,
2024-01-02 12:02:18,tf,NFO,46832,276.60,123.70,1704177138,71912820,276.15,276.50,45,390,,,
2024-01-02 12:02:19,tf,NFO,46832,276.25,123.41,1704177139,,,,,,,,
2024-01-02 12:02:19,tf,NFO,46832,276.25,123.41,1704177139,,,,,,,,
2024-01-02 12:02:19,tf,NFO,46832,276.70,123.78,1704177139,71913420,276.25,276.70,180,75,,,
2024-01-02 12:02:19,tf,NFO,46832,276.70,123.78,1704177139,71913420,276.25,276.70,180,75,,,
2024-01-02 12:02:20,tf,NFO,46832,276.00,123.21,1704177140,,,,,,,,
2024-01-02 12:02:20,tf,NFO,46832,276.00,123.21,1704177140,,,,,,,,
2024-01-02 12:02:20,tf,NFO,46832,275.95,123.17,1704177140,71915475,275.45,275.95,630,15,219.38,,
2024-01-02 12:02:20,tf,NFO,46832,275.95,123.17,1704177140,71915475,275.45,275.95,630,15,219.38,,
2024-01-02 12:02:21,tf,NFO,46832,276.00,123.21,1704177141,71915955,275.75,276.00,60,180,,,
2024-01-02 12:02:21,tf,NFO,46832,276.00,123.21,1704177141,71915955,275.75,276.00,60,180,,,
2024-01-02 12:02:22,tf,NFO,46832,275.25,122.60,1704177142,71917215,275.05,275.45,435,15,,,
2024-01-02 12:02:22,tf,NFO,46832,275.25,122.60,1704177142,71917215,275.05,275.45,435,15,,,
2024-01-02 12:02:22,tf,NFO,46832,275.00,122.40,1704177142,,,,,,,,
2024-01-02 12:02:22,tf,NFO,46832,275.00,122.40,1704177142,,,,,,,,
2024-01-02 12:02:23,tf,NFO,46832,275.65,122.93,1704177143,,,,,,,,
2024-01-02 12:02:23,tf,NFO,46832,275.65,122.93,1704177143,,,,,,,,
2024-01-02 12:02:23,tf,NFO,46832,275.15,122.52,1704177143,71923410,275.25,275.75,90,105,,,
2024-01-02 12:02:23,tf,NFO,46832,275.15,122.52,1704177143,71923410,275.25,275.75,90,105,,,
2024-01-02 12:02:24,tf,NFO,46832,276.55,123.66,1704177144,,,,,,,,
2024-01-02 12:02:24,tf,NFO,46832,276.55,123.66,1704177144,,,,,,,,
2024-01-02 12:02:24,tf,NFO,46832,277.00,124.02,1704177144,71924985,277.10,277.55,240,30,,,
2024-01-02 12:02:24,tf,NFO,46832,277.00,124.02,1704177144,71924985,277.10,277.55,240,30,,,
2024-01-02 12:02:25,tf,NFO,46832,276.75,123.82,1704177145,,,,,,,,
2024-01-02 12:02:25,tf,NFO,46832,276.75,123.82,1704177145,,,,,,,,
2024-01-02 12:02:26,tf,NFO,46832,276.05,123.25,1704177146,,,,,,,,
2024-01-02 12:02:26,tf,NFO,46832,276.05,123.25,1704177146,,,,,,,,
2024-01-02 12:02:26,tf,NFO,46832,277.10,124.10,1704177146,71928885,276.45,276.95,15,45,219.39,,
2024-01-02 12:02:26,tf,NFO,46832,277.10,124.10,1704177146,71928885,276.45,276.95,15,45,219.39,,
2024-01-02 12:02:27,tf,NFO,46832,277.20,124.18,1704177147,71929590,276.70,277.10,45,30,,,
2024-01-02 12:02:27,tf,NFO,46832,277.20,124.18,1704177147,71929590,276.70,277.10,45,30,,,
2024-01-02 12:02:27,tf,NFO,46832,276.70,123.78,1704177147,,,,,,,,
2024-01-02 12:02:27,tf,NFO,46832,276.70,123.78,1704177147,,,,,,,,
2024-01-02 12:02:29,tf,NFO,46832,276.50,123.62,1704177149,,,,,,,,
2024-01-02 12:02:29,tf,NFO,46832,276.50,123.62,1704177149,,,,,,,,
2024-01-02 12:02:29,tf,NFO,46832,276.55,123.66,1704177149,71931555,275.95,276.55,105,135,,,
2024-01-02 12:02:29,tf,NFO,46832,276.55,123.66,1704177149,71931555,275.95,276.55,105,135,,,
2024-01-02 12:02:30,tf,NFO,46832,277.05,124.06,1704177150,,,,,,,,
2024-01-02 12:02:30,tf,NFO,46832,277.05,124.06,1704177150,,,,,,,,
2024-01-02 12:02:30,tf,NFO,46832,276.45,123.57,1704177150,71931960,276.00,276.50,390,75,,,
2024-01-02 12:02:30,tf,NFO,46832,276.45,123.57,1704177150,71931960,276.00,276.50,390,75,,,
2024-01-02 12:02:31,tf,NFO,46832,275.40,122.73,1704177151,,,,,,,,
2024-01-02 12:02:31,tf,NFO,46832,275.40,122.73,1704177151,,,,,,,,
2024-01-02 12:02:31,tf,NFO,46832,275.90,123.13,1704177151,71933670,275.70,276.00,150,2445,,,
2024-01-02 12:02:31,tf,NFO,46832,275.90,123.13,1704177151,71933670,275.70,276.00,150,2445,,,
2024-01-02 12:02:32,tf,NFO,46832,276.00,123.21,1704177152,71934090,275.40,275.90,135,90,,,
2024-01-02 12:02:32,tf,NFO,46832,276.00,123.21,1704177152,71934090,275.40,275.90,135,90,,,
2024-01-02 12:02:33,tf,NFO,46832,275.00,122.40,1704177153,71938875,275.00,275.30,720,45,,,
2024-01-02 12:02:33,tf,NFO,46832,275.00,122.40,1704177153,71938875,275.00,275.30,720,45,,,
2024-01-02 12:02:34,tf,NFO,46832,275.40,122.73,1704177154,,,,,,,,
2024-01-02 12:02:34,tf,NFO,46832,275.40,122.73,1704177154,,,,,,,,
2024-01-02 12:02:34,tf,NFO,46832,274.90,122.32,1704177154,71947470,,275.40,900,90,219.40,,
2024-01-02 12:02:34,tf,NFO,46832,274.90,122.32,1704177154,71947470,,275.40,900,90,219.40,,
2024-01-02 12:02:35,tf,NFO,46832,275.35,122.68,1704177155,71951400,275.50,276.00,30,2175,,,
2024-01-02 12:02:35,tf,NFO,46832,275.35,122.68,1704177155,71951400,275.50,276.00,30,2175,,,
2024-01-02 12:02:36,tf,NFO,46832,275.55,122.85,1704177156,,,,,,,,
2024-01-02 12:02:36,tf,NFO,46832,275.55,122.85,1704177156,,,,,,,,
2024-01-02 12:02:36,tf,NFO,46832,275.45,122.77,1704177156,71952555,275.15,275.45,,810,,,
2024-01-02 12:02:36,tf,NFO,46832,275.45,122.77,1704177156,71952555,275.15,275.45,,810,,,
2024-01-02 12:02:39,tf,NFO,46832,275.20,122.56,1704177159,,,,,,,,
2024-01-02 12:02:39,tf,NFO,46832,275.20,122.56,1704177159,,,,,,,,
2024-01-02 12:02:40,tf,NFO,46832,275.35,122.68,1704177160,,,,,,,,
2024-01-02 12:02:40,tf,NFO,46832,275.35,122.68,1704177160,,,,,,,,
2024-01-02 12:02:40,tf,NFO,46832,275.65,122.93,1704177160,71956095,275.30,275.65,435,195,,,
2024-01-02 12:02:40,tf,NFO,46832,275.65,122.93,1704177160,71956095,275.30,275.65,435,195,,,
2024-01-02 12:02:41,tf,NFO,46832,276.60,123.70,1704177161,,,,,,,,
2024-01-02 12:02:41,tf,NFO,46832,276.60,123.70,1704177161,,,,,,,,
2024-01-02 12:02:41,tf,NFO,46832,277.20,124.18,1704177161,71960070,276.75,277.35,255,330,,,
2024-01-02 12:02:41,tf,NFO,46832,277.20,124.18,1704177161,71960070,276.75,277.35,255,330,,,
2024-01-02 12:02:42,tf,NFO,46832,277.75,124.63,1704177162,71961255,277.75,278.15,60,15,,,
2024-01-02 12:02:42,tf,NFO,46832,277.75,124.63,1704177162,71961255,277.75,278.15,60,15,,,
2024-01-02 12:02:44,tf,NFO,46832,277.35,124.30,1704177164,,,,,,,,
2024-01-02 12:02:44,tf,NFO,46832,277.35,124.30,1704177164,,,,,,,,
2024-01-02 12:02:45,tf,NFO,46832,277.05,124.06,1704177165,,,,,,,,
2024-01-02 12:02:45,tf,NFO,46832,277.05,124.06,1704177165,,,,,,,,
2024-01-02 12:02:45,tf,NFO,46832,276.35,123.49,1704177165,71965080,276.35,276.85,165,60,,,
2024-01-02 12:02:45,tf,NFO,46832,276.35,123.49,1704177165,71965080,276.35,276.85,165,60,,,
2024-01-02 12:02:46,tf,NFO,46832,275.15,122.52,1704177166,,,,,,,,
2024-01-02 12:02:46,tf,NFO,46832,275.15,122.52,1704177166,,,,,,,,
2024-01-02 12:02:46,tf,NFO,46832,275.20,122.56,1704177166,71971470,275.25,275.75,255,15,219.42,,
2024-01-02 12:02:46,tf,NFO,46832,275.20,122.56,1704177166,71971470,275.25,275.75,255,15,219.42,,
2024-01-02 12:02:47,tf,NFO,46832,275.85,123.09,1704177167,,,,,,,,
2024-01-02 12:02:47,tf,NFO,46832,275.85,123.09,1704177167,,,,,,,,
2024-01-02 12:02:47,tf,NFO,46832,274.95,122.36,1704177167,71975490,275.00,275.25,840,90,,,
2024-01-02 12:02:47,tf,NFO,46832,274.95,122.36,1704177167,71975490,275.00,275.25,840,90,,,
2024-01-02 12:02:48,tf,NFO,46832,275.00,122.40,1704177168,71977710,274.65,275.15,45,135,,,
2024-01-02 12:02:48,tf,NFO,46832,275.00,122.40,1704177168,71977710,274.65,275.15,45,135,,,
2024-01-02 12:02:49,tf,NFO,46832,275.05,122.44,1704177169,,,,,,,3193095,
2024-01-02 12:02:49,tf,NFO,46832,275.05,122.44,1704177169,,,,,,,3193095,
2024-01-02 12:02:50,tf,NFO,46832,275.75,123.01,1704177170,,,,,,,,
2024-01-02 12:02:50,tf,NFO,46832,275.75,123.01,1704177170,,,,,,,,
2024-01-02 12:02:50,tf,NFO,46832,275.90,123.13,1704177170,71979660,275.95,276.55,165,165,219.43,,
2024-01-02 12:02:50,tf,NFO,46832,275.90,123.13,1704177170,71979660,275.95,276.55,165,165,219.43,,
2024-01-02 12:02:51,tf,NFO,46832,275.65,122.93,1704177171,,,,,,,,
2024-01-02 12:02:51,tf,NFO,46832,275.65,122.93,1704177171,,,,,,,,
2024-01-02 12:02:51,tf,NFO,46832,275.05,122.44,1704177171,71985945,275.00,275.20,90,90,,,
2024-01-02 12:02:51,tf,NFO,46832,275.05,122.44,1704177171,71985945,275.00,275.20,90,90,,,
2024-01-02 12:02:52,tf,NFO,46832,273.50,121.19,1704177172,,,,,,,,
2024-01-02 12:02:52,tf,NFO,46832,273.50,121.19,1704177172,,,,,,,,
2024-01-02 12:02:52,tf,NFO,46832,275.10,122.48,1704177172,71990505,274.80,275.30,195,,,,
2024-01-02 12:02:52,tf,NFO,46832,275.10,122.48,1704177172,71990505,274.80,275.30,195,,,,
2024-01-02 12:02:53,tf,NFO,46832,276.20,123.37,1704177173,,,,,,,,
2024-01-02 12:02:53,tf,NFO,46832,276.20,123.37,1704177173,,,,,,,,
2024-01-02 12:02:53,tf,NFO,46832,276.90,123.94,1704177173,71992410,276.90,277.20,510,15,219.44,,
2024-01-02 12:02:53,tf,NFO,46832,276.90,123.94,1704177173,71992410,276.90,277.20,510,15,219.44,,
2024-01-02 12:02:54,tf,NFO,46832,276.80,123.86,1704177174,71992860,,277.35,270,,,,
2024-01-02 12:02:54,tf,NFO,46832,276.80,123.86,1704177174,71992860,,277.35,270,,,,
2024-01-02 12:02:54,tf,NFO,46832,277.00,124.02,1704177174,,,,,,,,
2024-01-02 12:02:54,tf,NFO,46832,277.00,124.02,1704177174,,,,,,,,
2024-01-02 12:02:55,tf,NFO,46832,276.85,123.90,1704177175,71993400,276.25,276.85,135,120,,,
2024-01-02 12:02:55,tf,NFO,46832,276.85,123.90,1704177175,71993400,276.25,276.85,135,120,,,
2024-01-02 12:02:56,tf,NFO,46832,276.35,123.49,1704177176,,,,,,,,
2024-01-02 12:02:56,tf,NFO,46832,276.35,123.49,1704177176,,,,,,,,
2024-01-02 12:02:57,tf,NFO,46832,276.75,123.82,1704177177,,,,,,,,
2024-01-02 12:02:57,tf,NFO,46832,276.75,123.82,1704177177,,,,,,,,
2024-01-02 12:02:57,tf,NFO,46832,277.00,124.02,1704177177,71996730,277.00,277.50,915,105,,,
2024-01-02 12:02:57,tf,NFO,46832,277.00,124.02,1704177177,71996730,277.00,277.50,915,105,,,
2024-01-02 12:02:58,tf,NFO,46832,277.55,124.46,1704177178,,,,,,,,
2024-01-02 12:02:58,tf,NFO,46832,277.55,124.46,1704177178,,,,,,,,
2024-01-02 12:02:59,tf,NFO,46832,277.00,124.02,1704177179,,,,,,,,
2024-01-02 12:02:59,tf,NFO,46832,277.00,124.02,1704177179,,,,,,,,
2024-01-02 12:03:00,tf,NFO,46832,277.20,124.18,1704177180,71999565,277.10,277.55,,30,,,
2024-01-02 12:03:00,tf,NFO,46832,277.20,124.18,1704177180,71999565,277.10,277.55,,30,,,
2024-01-02 12:03:01,tf,NFO,46832,277.30,124.26,1704177181,72001890,277.25,277.80,225,105,,,
2024-01-02 12:03:01,tf,NFO,46832,277.30,124.26,1704177181,72001890,277.25,277.80,225,105,,,
2024-01-02 12:03:01,tf,NFO,46832,277.05,124.06,1704177181,,,,,,,,
2024-01-02 12:03:01,tf,NFO,46832,277.05,124.06,1704177181,,,,,,,,
2024-01-02 12:03:02,tf,NFO,46832,276.45,123.57,1704177182,,,,,,,,
2024-01-02 12:03:02,tf,NFO,46832,276.45,123.57,1704177182,,,,,,,,
2024-01-02 12:03:02,tf,NFO,46832,276.90,123.94,1704177182,72007875,276.40,276.85,,165,219.45,,
2024-01-02 12:03:02,tf,NFO,46832,276.90,123.94,1704177182,72007875,276.40,276.85,,165,219.45,,
2024-01-02 12:03:03,tf,NFO,46832,277.20,124.18,1704177183,72009000,277.10,277.60,150,105,,,
2024-01-02 12:03:03,tf,NFO,46832,277.20,124.18,1704177183,72009000,277.10,277.60,150,105,,,
2024-01-02 12:03:04,tf,NFO,46832,277.55,124.46,1704177184,,,,,,,,
2024-01-02 12:03:04,tf,NFO,46832,277.55,124.46,1704177184,,,,,,,,
2024-01-02 12:03:04,tf,NFO,46832,277.85,124.71,1704177184,72010605,277.40,277.85,255,30,,,
2024-01-02 12:03:04,tf,NFO,46832,277.85,124.71,1704177184,72010605,277.40,277.85,255,30,,,
2024-01-02 12:03:05,tf,NFO,46832,278.35,125.11,1704177185,,,,,,,,
2024-01-02 12:03:05,tf,NFO,46832,278.35,125.11,1704177185,,,,,,,,
2024-01-02 12:03:06,tf,NFO,46832,279.05,125.68,1704177185,72019995,278.55,279.05,225,105,219.46,,
2024-01-02 12:03:06,tf,NFO,46832,279.05,125.68,1704177185,72019995,278.55,279.05,225,105,219.46,,
2024-01-02 12:03:06,tf,NFO,46832,279.65,126.16,1704177186,72020640,279.40,279.90,195,30,,,
2024-01-02 12:03:06,tf,NFO,46832,279.65,126.16,1704177186,72020640,279.40,279.90,195,30,,,
2024-01-02 12:03:06,tf,NFO,46832,279.40,125.96,1704177186,,,,,,,,
2024-01-02 12:03:06,tf,NFO,46832,279.40,125.96,1704177186,,,,,,,,
2024-01-02 12:03:07,tf,NFO,46832,280.55,126.89,1704177187,72035355,280.40,280.90,,135,219.47,,
2024-01-02 12:03:07,tf,NFO,46832,280.55,126.89,1704177187,72035355,280.40,280.90,,135,219.47,,
2024-01-02 12:03:07,tf,NFO,46832,280.40,126.77,1704177187,,,,,,,,
2024-01-02 12:03:07,tf,NFO,46832,280.40,126.77,1704177187,,,,,,,,
2024-01-02 12:03:08,tf,NFO,46832,279.00,125.64,1704177188,72037425,279.00,279.60,375,165,,,
2024-01-02 12:03:08,tf,NFO,46832,279.00,125.64,1704177188,72037425,279.00,279.60,375,165,,,
2024-01-02 12:03:08,tf,NFO,46832,279.55,126.08,1704177188,,,,,,,,
2024-01-02 12:03:08,tf,NFO,46832,279.55,126.08,1704177188,,,,,,,,
2024-01-02 12:03:09,tf,NFO,46832,279.45,126.00,1704177189,72041145,278.95,279.50,,105,219.48,,
2024-01-02 12:03:09,tf,NFO,46832,279.45,126.00,1704177189,72041145,278.95,279.50,,105,219.48,,
2024-01-02 12:03:10,tf,NFO,46832,278.85,125.52,1704177190,72045045,278.45,278.95,30,75,,,
2024-01-02 12:03:10,tf,NFO,46832,278.85,125.52,1704177190,72045045,278.45,278.95,30,75,,,
2024-01-02 12:03:11,tf,NFO,46832,278.55,125.27,1704177191,,,,,,,,
2024-01-02 12:03:11,tf,NFO,46832,278.55,125.27,1704177191,,,,,,,,
2024-01-02 12:03:11,tf,NFO,46832,278.85,125.52,1704177191,72047550,278.30,278.85,255,135,,,
2024-01-02 12:03:11,tf,NFO,46832,278.85,125.52,1704177191,72047550,278.30,278.85,255,135,,,
2024-01-02 12:03:12,tf,NFO,46832,277.50,124.42,1704177192,,,,,,,,
2024-01-02 12:03:12,tf,NFO,46832,277.50,124.42,1704177192,,,,,,,,
2024-01-02 12:03:12,tf,NFO,46832,277.80,124.67,1704177192,72048150,277.75,278.30,495,120,,,
2024-01-02 12:03:13,tf,NFO,46832,278.20,124.99,1704177193,,,,,,,,
2024-01-02 12:03:13,tf,NFO,46832,277.75,124.63,1704177193,72049170,277.40,277.90,15,180,,,
2024-01-02 12:03:14,tf,NFO,46832,277.90,124.75,1704177194,72049470,277.45,,45,75,,,
2024-01-02 12:03:15,tf,NFO,46832,277.50,124.42,1704177195,72049875,277.20,277.55,90,15,,,
2024-01-02 12:03:16,tf,NFO,46832,278.35,125.11,1704177196,72050730,277.75,277.90,15,30,,,
2024-01-02 12:03:17,tf,NFO,46832,278.20,124.99,1704177197,72052290,278.30,278.80,30,180,,,
2024-01-02 12:03:18,tf,NFO,46832,277.40,124.34,1704177198,72056355,276.40,276.85,60,15,219.49,,
2024-01-02 12:03:19,tf,NFO,46832,278.00,124.83,1704177199,72067185,277.30,277.85,135,,219.50,,
2024-01-02 12:03:19,tf,NFO,46832,278.25,125.03,1704177199,,,,,,,,
2024-01-02 12:03:20,tf,NFO,46832,277.45,124.38,1704177200,72076725,277.75,278.30,60,150,,,
2024-01-02 12:03:21,tf,NFO,46832,278.45,125.19,1704177201,,,,,,,,
2024-01-02 12:03:21,tf,NFO,46832,278.45,125.19,1704177201,,,,,,,,
2024-01-02 12:03:22,tf,NFO,46832,278.65,125.35,1704177202,72078270,278.65,279.15,225,15,219.51,,
2024-01-02 12:03:22,tf,NFO,46832,278.65,125.35,1704177202,72078270,278.65,279.15,225,15,219.51,,
2024-01-02 12:03:23,tf,NFO,46832,278.25,125.03,1704177203,72089205,278.20,278.70,45,195,,,
2024-01-02 12:03:23,tf,NFO,46832,278.25,125.03,1704177203,72089205,278.20,278.70,45,195,,,
2024-01-02 12:03:24,tf,NFO,46832,277.80,124.67,1704177204,72089940,277.30,277.80,15,135,219.52,,
2024-01-02 12:03:24,tf,NFO,46832,277.80,124.67,1704177204,72089940,277.30,277.80,15,135,219.52,,
2024-01-02 12:03:25,tf,NFO,46832,276.20,123.37,1704177205,72090345,276.25,276.70,210,15,,,
2024-01-02 12:03:25,tf,NFO,46832,276.20,123.37,1704177205,72090345,276.25,276.70,210,15,,,
2024-01-02 12:03:26,tf,NFO,46832,276.05,123.25,1704177206,72091125,275.85,276.35,195,45,,,
2024-01-02 12:03:26,tf,NFO,46832,276.05,123.25,1704177206,72091125,275.85,276.35,195,45,,,
2024-01-02 12:03:27,tf,NFO,46832,276.75,123.82,1704177207,,,,,,,,
2024-01-02 12:03:27,tf,NFO,46832,276.75,123.82,1704177207,,,,,,,,
2024-01-02 12:03:28,tf,NFO,46832,276.90,123.94,1704177208,72092955,,,75,,,,
2024-01-02 12:03:28,tf,NFO,46832,276.90,123.94,1704177208,72092955,,,75,,,,
2024-01-02 12:03:29,tf,NFO,46832,278.05,124.87,1704177209,72095085,278.05,278.45,30,15,,,
2024-01-02 12:03:29,tf,NFO,46832,278.05,124.87,1704177209,72095085,278.05,278.45,30,15,,,
2024-01-02 12:03:30,tf,NFO,46832,277.85,124.71,1704177210,72095760,277.55,278.05,60,105,,,
2024-01-02 12:03:30,tf,NFO,46832,277.85,124.71,1704177210,72095760,277.55,278.05,60,105,,,
2024-01-02 12:03:31,tf,NFO,46832,278.30,125.07,1704177211,,,,,,,,
2024-01-02 12:03:31,tf,NFO,46832,278.30,125.07,1704177211,,,,,,,,
2024-01-02 12:03:31,tf,NFO,46832,278.40,125.15,1704177211,72097185,278.30,278.80,300,45,,,
2024-01-02 12:03:31,tf,NFO,46832,278.40,125.15,1704177211,72097185,278.30,278.80,300,45,,,
2024-01-02 12:03:32,tf,NFO,46832,278.45,125.19,1704177212,72098295,278.35,278.90,285,180,,,
2024-01-02 12:03:33,tf,NFO,46832,278.55,125.27,1704177213,,,,,,,,
2024-01-02 12:04:27,tf,NFO,46832,293.35,137.24,1704177267,,,,,,,,
2024-01-02 12:04:27,tf,NFO,46832,293.85,137.65,1704177267,72417690,293.25,293.75,120,30,219.81,,
2024-01-02 12:04:28,tf,NFO,46832,291.65,135.87,1704177268,,,,,,,,
2024-01-02 12:04:28,tf,NFO,46832,292.25,136.35,1704177268,72421845,291.90,292.40,30,,,,
2024-01-02 12:04:29,tf,NFO,46832,292.95,136.92,1704177269,,,,,,,,
2024-01-02 12:04:29,tf,NFO,46832,289.80,134.37,1704177269,72427740,289.80,290.00,195,240,219.82,,
2024-01-02 12:04:30,tf,NFO,46832,289.75,134.33,1704177270,,,,,,,,
2024-01-02 12:04:30,tf,NFO,46832,290.10,134.61,1704177270,72431745,289.65,290.15,270,120,,,
2024-01-02 12:04:31,tf,NFO,46832,288.65,133.44,1704177271,,,,,,,,
2024-01-02 12:04:31,tf,NFO,46832,288.80,133.56,1704177271,72441570,288.80,289.10,150,105,219.83,,
2024-01-02 12:04:32,tf,NFO,46832,289.05,133.76,1704177272,,,,,,,,
2024-01-02 12:04:33,tf,NFO,46832,291.30,135.58,1704177272,72445650,291.20,291.85,15,195,,,
2024-01-02 12:04:33,tf,NFO,46832,291.90,136.07,1704177273,,,,,,,,
2024-01-02 12:04:34,tf,NFO,46832,292.05,136.19,1704177273,72454110,291.45,292.05,105,300,219.84,,
2024-01-02 12:04:34,tf,NFO,46832,291.40,135.67,1704177274,,,,,,,,
2024-01-02 12:04:35,tf,NFO,46832,289.35,134.01,1704177275,,,,,,,,
2024-01-02 12:04:36,tf,NFO,46832,289.75,134.33,1704177275,72466770,288.65,289.10,45,135,,,
2024-01-02 12:04:36,tf,NFO,46832,288.75,133.52,1704177276,,,,,,,,
2024-01-02 12:04:36,tf,NFO,46832,288.40,133.24,1704177276,72470550,287.95,288.40,15,15,219.86,,
2024-01-02 12:04:37,tf,NFO,46832,290.70,135.10,1704177277,,,,,,,,
2024-01-02 12:04:37,tf,NFO,46832,290.90,135.26,1704177277,72475260,290.30,290.90,105,270,,,
2024-01-02 12:04:38,tf,NFO,46832,289.25,133.93,1704177278,,,,,,,,
2024-01-02 12:04:39,tf,NFO,46832,287.70,132.67,1704177278,72495255,288.30,288.60,90,3000,219.88,,
2024-01-02 12:04:39,tf,NFO,46832,289.00,133.72,1704177279,,,,,,,,
2024-01-02 12:04:40,tf,NFO,46832,290.85,135.22,1704177279,72504000,290.45,290.95,135,225,219.89,,
2024-01-02 12:04:40,tf,NFO,46832,291.15,135.46,1704177280,,,,,,,,
2024-01-02 12:04:41,tf,NFO,46832,290.20,134.69,1704177280,72511065,290.85,291.45,255,15,219.90,,
2024-01-02 12:04:41,tf,NFO,46832,291.15,135.46,1704177281,,,,,,,,
2024-01-02 12:04:41,tf,NFO,46832,291.55,135.79,1704177281,72513810,291.20,291.70,225,,,,
2024-01-02 12:04:42,tf,NFO,46832,291.65,135.87,1704177282,,,,,,,,
2024-01-02 12:04:42,tf,NFO,46832,291.80,135.99,1704177282,72521010,291.45,292.00,360,,219.91,,
2024-01-02 12:04:43,tf,NFO,46832,293.00,136.96,1704177283,,,,,,,,
2024-01-02 12:04:44,tf,NFO,46832,291.05,135.38,1704177284,,,,,,,,
2024-01-02 12:04:44,tf,NFO,46832,291.75,135.95,1704177284,72530460,291.45,291.95,,,219.92,,
2024-01-02 12:04:45,tf,NFO,46832,290.70,135.10,1704177285,,,,,,,,
2024-01-02 12:04:45,tf,NFO,46832,290.85,135.22,1704177285,72539070,290.75,291.20,75,15,,,
2024-01-02 12:04:45,tf,NFO,46832,290.70,135.10,1704177285,,,,,,,,
2024-01-02 12:04:45,tf,NFO,46832,290.85,135.22,1704177285,72539070,290.75,291.20,75,15,,,
2024-01-02 12:04:46,tf,NFO,46832,291.05,135.38,1704177286,,,,,,,,
2024-01-02 12:04:46,tf,NFO,46832,291.05,135.38,1704177286,,,,,,,,
2024-01-02 12:04:46,tf,NFO,46832,290.85,135.22,1704177286,72540165,290.50,290.90,60,300,219.93,,
2024-01-02 12:04:46,tf,NFO,46832,290.85,135.22,1704177286,72540165,290.50,290.90,60,300,219.93,,
2024-01-02 12:04:47,tf,NFO,46832,289.00,133.72,1704177287,,,,,,,,
2024-01-02 12:04:47,tf,NFO,46832,289.00,133.72,1704177287,,,,,,,,
2024-01-02 12:04:47,tf,NFO,46832,288.60,133.40,1704177287,72546015,288.60,289.10,150,45,,,
2024-01-02 12:04:47,tf,NFO,46832,288.60,133.40,1704177287,72546015,288.60,289.10,150,45,,,
2024-01-02 12:04:48,tf,NFO,46832,288.95,133.68,1704177288,,,,,,,,
2024-01-02 12:04:48,tf,NFO,46832,288.95,133.68,1704177288,,,,,,,,
2024-01-02 12:04:48,tf,NFO,46832,289.70,134.29,1704177288,72551400,288.90,289.55,165,135,219.94,,
2024-01-02 12:04:48,tf,NFO,46832,289.70,134.29,1704177288,72551400,288.90,289.55,165,135,219.94,,
2024-01-02 12:04:49,tf,NFO,46832,288.85,133.60,1704177289,,,,,,,,
2024-01-02 12:04:49,tf,NFO,46832,288.85,133.60,1704177289,,,,,,,,
2024-01-02 12:04:50,tf,NFO,46832,288.90,133.64,1704177289,72555165,289.05,289.60,90,90,,,
2024-01-02 12:04:50,tf,NFO,46832,288.90,133.64,1704177289,72555165,289.05,289.60,90,90,,,
2024-01-02 12:04:50,tf,NFO,46832,289.55,134.17,1704177290,,,,,,,,
2024-01-02 12:04:50,tf,NFO,46832,289.55,134.17,1704177290,,,,,,,,
2024-01-02 12:04:51,tf,NFO,46832,289.25,133.93,1704177290,72555855,288.70,289.20,75,105,,,
2024-01-02 12:04:51,tf,NFO,46832,289.25,133.93,1704177290,72555855,288.70,289.20,75,105,,,
2024-01-02 12:04:51,tf,NFO,46832,290.50,134.94,1704177291,,,,,,,,
2024-01-02 12:04:51,tf,NFO,46832,290.50,134.94,1704177291,,,,,,,,
2024-01-02 12:04:51,tf,NFO,46832,291.00,135.34,1704177291,72557460,290.50,290.95,225,30,,,
2024-01-02 12:04:51,tf,NFO,46832,291.00,135.34,1704177291,72557460,290.50,290.95,225,30,,,
2024-01-02 12:04:52,tf,NFO,46832,290.00,134.53,1704177292,,,,,,,,
2024-01-02 12:04:52,tf,NFO,46832,290.00,134.53,1704177292,,,,,,,,
2024-01-02 12:04:53,tf,NFO,46832,289.30,133.97,1704177293,,,,,,,,
2024-01-02 12:04:53,tf,NFO,46832,289.30,133.97,1704177293,,,,,,,,
2024-01-02 12:04:53,tf,NFO,46832,289.15,133.85,1704177293,72563100,289.20,289.75,15,15,219.95,,
2024-01-02 12:04:53,tf,NFO,46832,289.15,133.85,1704177293,72563100,289.20,289.75,15,15,219.95,,
2024-01-02 12:04:54,tf,NFO,46832,290.00,134.53,1704177294,,,,,,,,
2024-01-02 12:04:54,tf,NFO,46832,290.00,134.53,1704177294,,,,,,,,
2024-01-02 12:04:55,tf,NFO,46832,289.95,134.49,1704177295,,,,,,,,
2024-01-02 12:04:55,tf,NFO,46832,289.95,134.49,1704177295,,,,,,,,
2024-01-02 12:04:55,tf,NFO,46832,289.55,134.17,1704177295,72570465,288.80,289.10,75,195,,,
2024-01-02 12:04:55,tf,NFO,46832,289.55,134.17,1704177295,72570465,288.80,289.10,75,195,,,
2024-01-02 12:04:56,tf,NFO,46832,289.00,133.72,1704177296,,,,,,,,
2024-01-02 12:04:56,tf,NFO,46832,289.00,133.72,1704177296,,,,,,,,
2024-01-02 12:04:56,tf,NFO,46832,288.00,132.92,1704177296,72576585,288.00,288.60,3465,135,219.96,,
2024-01-02 12:04:56,tf,NFO,46832,288.00,132.92,1704177296,72576585,288.00,288.60,3465,135,219.96,,
2024-01-02 12:04:57,tf,NFO,46832,289.75,134.33,1704177297,,,,,,,,
2024-01-02 12:04:57,tf,NFO,46832,289.75,134.33,1704177297,,,,,,,,
2024-01-02 12:04:57,tf,NFO,46832,290.40,134.86,1704177297,72579555,289.75,290.30,150,405,,,
2024-01-02 12:04:57,tf,NFO,46832,290.40,134.86,1704177297,72579555,289.75,290.30,150,405,,,
2024-01-02 12:04:58,tf,NFO,46832,290.85,135.22,1704177298,,,,,,,,
2024-01-02 12:04:58,tf,NFO,46832,290.85,135.22,1704177298,,,,,,,,
2024-01-02 12:04:58,tf,NFO,46832,291.00,135.34,1704177298,72584025,290.40,290.95,285,15,219.97,,
2024-01-02 12:04:58,tf,NFO,46832,291.00,135.34,1704177298,72584025,290.40,290.95,285,15,219.97,,
2024-01-02 12:04:59,tf,NFO,46832,291.20,135.50,1704177299,,,,,,,,
2024-01-02 12:04:59,tf,NFO,46832,291.20,135.50,1704177299,,,,,,,,
2024-01-02 12:04:59,tf,NFO,46832,291.05,135.38,1704177299,72587625,291.05,291.65,30,120,,,
2024-01-02 12:04:59,tf,NFO,46832,291.05,135.38,1704177299,72587625,291.05,291.65,30,120,,,
2024-01-02 12:05:00,tf,NFO,46832,289.75,134.33,1704177300,,,,,,,,
2024-01-02 12:05:00,tf,NFO,46832,289.75,134.33,1704177300,,,,,,,,
2024-01-02 12:05:00,tf,NFO,46832,289.70,134.29,1704177300,72589560,289.75,290.00,,30,,,
2024-01-02 12:05:00,tf,NFO,46832,289.70,134.29,1704177300,72589560,289.75,290.00,,30,,,
2024-01-02 12:05:01,tf,NFO,46832,289.50,134.13,1704177301,,,,,,,,
2024-01-02 12:05:01,tf,NFO,46832,289.50,134.13,1704177301,,,,,,,,
2024-01-02 12:05:01,tf,NFO,46832,290.10,134.61,1704177301,72591930,289.65,290.10,,195,219.98,,
2024-01-02 12:05:01,tf,NFO,46832,290.10,134.61,1704177301,72591930,289.65,290.10,,195,219.98,,
2024-01-02 12:05:02,tf,NFO,46832,289.20,133.89,1704177302,,,,,,,,
2024-01-02 12:05:02,tf,NFO,46832,289.20,133.89,1704177302,,,,,,,,
2024-01-02 12:05:02,tf,NFO,46832,288.65,133.44,1704177302,72593640,288.75,289.15,,,,,
2024-01-02 12:05:02,tf,NFO,46832,288.65,133.44,1704177302,72593640,288.75,289.15,,,,,
2024-01-02 12:05:03,tf,NFO,46832,288.60,133.40,1704177303,,,,,,,,
2024-01-02 12:05:03,tf,NFO,46832,288.60,133.40,1704177303,,,,,,,,
2024-01-02 12:05:03,tf,NFO,46832,288.75,133.52,1704177303,72594915,288.35,288.85,240,15,,,
2024-01-02 12:05:03,tf,NFO,46832,288.75,133.52,1704177303,72594915,288.35,288.85,240,15,,,
2024-01-02 12:05:04,tf,NFO,46832,290.00,134.53,1704177304,,,,,,,,
2024-01-02 12:05:04,tf,NFO,46832,290.00,134.53,1704177304,,,,,,,,
2024-01-02 12:05:04,tf,NFO,46832,289.70,134.29,1704177304,72597630,289.30,289.90,30,105,,,
2024-01-02 12:05:04,tf,NFO,46832,289.70,134.29,1704177304,72597630,289.30,289.90,30,105,,,
2024-01-02 12:05:05,tf,NFO,46832,291.75,135.95,1704177305,,,,,,,,
2024-01-02 12:05:05,tf,NFO,46832,291.75,135.95,1704177305,,,,,,,,
2024-01-02 12:05:06,tf,NFO,46832,291.60,135.83,1704177305,72599655,290.95,291.50,165,225,,,
2024-01-02 12:05:06,tf,NFO,46832,291.60,135.83,1704177305,72599655,290.95,291.50,165,225,,,
2024-01-02 12:05:06,tf,NFO,46832,291.15,135.46,1704177306,,,,,,,,
2024-01-02 12:05:06,tf,NFO,46832,291.15,135.46,1704177306,,,,,,,,
2024-01-02 12:05:07,tf,NFO,46832,292.00,136.15,1704177306,72602040,291.65,292.00,255,1050,,,
2024-01-02 12:05:07,tf,NFO,46832,292.00,136.15,1704177306,72602040,291.65,292.00,255,1050,,,
2024-01-02 12:05:07,tf,NFO,46832,290.40,134.86,1704177307,,,,,,,,
2024-01-02 12:05:07,tf,NFO,46832,290.40,134.86,1704177307,,,,,,,,
2024-01-02 12:05:07,tf,NFO,46832,290.15,134.65,1704177307,72606510,290.15,290.70,360,75,219.99,,
2024-01-02 12:05:07,tf,NFO,46832,290.15,134.65,1704177307,72606510,290.15,290.70,360,75,219.99,,
2024-01-02 12:05:08,tf,NFO,46832,292.05,136.19,1704177308,,,,,,,,
2024-01-02 12:05:08,tf,NFO,46832,292.05,136.19,1704177308,,,,,,,,
2024-01-02 12:05:08,tf,NFO,46832,291.30,135.58,1704177308,72610275,291.20,291.85,300,300,,,
2024-01-02 12:05:08,tf,NFO,46832,291.30,135.58,1704177308,72610275,291.20,291.85,300,300,,,
2024-01-02 12:05:09,tf,NFO,46832,290.80,135.18,1704177309,,,,,,,,
2024-01-02 12:05:09,tf,NFO,46832,290.80,135.18,1704177309,,,,,,,,
2024-01-02 12:05:09,tf,NFO,46832,291.50,135.75,1704177309,72616395,290.85,291.35,15,75,220.00,,
2024-01-02 12:05:09,tf,NFO,46832,291.50,135.75,1704177309,72616395,290.85,291.35,15,75,220.00,,
2024-01-02 12:05:10,tf,NFO,46832,291.45,135.71,1704177310,,,,,,,,
2024-01-02 12:05:10,tf,NFO,46832,291.45,135.71,1704177310,,,,,,,,
2024-01-02 12:05:11,tf,NFO,46832,292.55,136.60,1704177311,,,,,,,,
2024-01-02 12:05:11,tf,NFO,46832,292.55,136.60,1704177311,,,,,,,,
2024-01-02 12:05:11,tf,NFO,46832,292.75,136.76,1704177311,72621120,292.25,292.75,150,15,,,
2024-01-02 12:05:11,tf,NFO,46832,292.75,136.76,1704177311,72621120,292.25,292.75,150,15,,,
2024-01-02 12:05:12,tf,NFO,46832,293.55,137.40,1704177312,,,,,,,,
2024-01-02 12:05:12,tf,NFO,46832,293.55,137.40,1704177312,,,,,,,,
2024-01-02 12:05:12,tf,NFO,46832,293.20,137.12,1704177312,72625215,293.00,293.70,570,195,220.01,,
2024-01-02 12:05:12,tf,NFO,46832,293.20,137.12,1704177312,72625215,293.00,293.70,570,195,220.01,,
2024-01-02 12:05:13,tf,NFO,46832,293.65,137.48,1704177313,,,,,,,,
2024-01-02 12:05:13,tf,NFO,46832,293.65,137.48,1704177313,,,,,,,,
2024-01-02 12:05:13,tf,NFO,46832,293.80,137.61,1704177313,72628320,293.20,293.95,225,330,,,
2024-01-02 12:05:13,tf,NFO,46832,293.80,137.61,1704177313,72628320,293.20,293.95,225,330,,,
2024-01-02 12:05:14,tf,NFO,46832,294.25,137.97,1704177314,,,,,,,,
2024-01-02 12:05:14,tf,NFO,46832,294.25,137.97,1704177314,,,,,,,,
2024-01-02 12:05:14,tf,NFO,46832,294.35,138.05,1704177314,72632820,293.90,294.55,210,210,220.02,,
2024-01-02 12:05:14,tf,NFO,46832,294.35,138.05,1704177314,72632820,293.90,294.55,210,210,220.02,,
2024-01-02 12:05:15,tf,NFO,46832,296.10,139.47,1704177315,,,,,,,,
2024-01-02 12:05:15,tf,NFO,46832,296.10,139.47,1704177315,,,,,,,,
2024-01-02 12:05:16,tf,NFO,46832,296.75,139.99,1704177315,72652290,296.85,297.25,135,150,220.04,,
2024-01-02 12:05:16,tf,NFO,46832,296.75,139.99,1704177315,72652290,296.85,297.25,135,150,220.04,,
2024-01-02 12:05:16,tf,NFO,46832,297.85,140.88,1704177316,,,,,,,,
2024-01-02 12:05:16,tf,NFO,46832,297.85,140.88,1704177316,,,,,,,,
2024-01-02 12:05:17,tf,NFO,46832,297.75,140.80,1704177316,72668610,297.20,297.90,840,75,220.05,,
2024-01-02 12:05:17,tf,NFO,46832,297.75,140.80,1704177316,72668610,297.20,297.90,840,75,220.05,,
2024-01-02 12:05:17,tf,NFO,46832,295.55,139.02,1704177317,,,,,,,,
2024-01-02 12:05:17,tf,NFO,46832,295.55,139.02,1704177317,,,,,,,,
2024-01-02 12:05:18,tf,NFO,46832,296.10,139.47,1704177317,72680235,295.90,296.40,420,45,220.07,,
2024-01-02 12:05:18,tf,NFO,46832,296.10,139.47,1704177317,72680235,295.90,296.40,420,45,220.07,,
2024-01-02 12:05:18,tf,NFO,46832,296.75,139.99,1704177318,,,,,,,,
2024-01-02 12:05:18,tf,NFO,46832,296.75,139.99,1704177318,,,,,,,,
2024-01-02 12:05:18,tf,NFO,46832,296.60,139.87,1704177318,72683100,296.90,297.20,45,15,,,
2024-01-02 12:05:18,tf,NFO,46832,296.60,139.87,1704177318,72683100,296.90,297.20,45,15,,,
2024-01-02 12:05:19,tf,NFO,46832,297.60,140.68,1704177319,,,,,,,,
2024-01-02 12:05:19,tf,NFO,46832,297.60,140.68,1704177319,,,,,,,,
2024-01-02 12:05:19,tf,NFO,46832,297.20,140.36,1704177319,72690945,296.75,297.30,90,,220.08,,
2024-01-02 12:05:19,tf,NFO,46832,297.20,140.36,1704177319,72690945,296.75,297.30,90,,220.08,,
2024-01-02 12:05:20,tf,NFO,46832,298.90,141.73,1704177320,,,,,,,,
2024-01-02 12:05:20,tf,NFO,46832,298.90,141.73,1704177320,,,,,,,,
2024-01-02 12:05:20,tf,NFO,46832,298.25,141.21,1704177320,72700275,298.30,298.85,135,75,220.09,,
2024-01-02 12:05:20,tf,NFO,46832,298.25,141.21,1704177320,72700275,298.30,298.85,135,75,220.09,,
2024-01-02 12:05:21,tf,NFO,46832,298.55,141.45,1704177321,,,,,,,,
2024-01-02 12:05:21,tf,NFO,46832,298.55,141.45,1704177321,,,,,,,,
2024-01-02 12:05:21,tf,NFO,46832,298.00,141.00,1704177321,72711840,297.60,298.05,390,60,220.10,,
2024-01-02 12:05:21,tf,NFO,46832,298.00,141.00,1704177321,72711840,297.60,298.05,390,60,220.10,,
2024-01-02 12:05:22,tf,NFO,46832,297.20,140.36,1704177322,,,,,,,,
2024-01-02 12:05:22,tf,NFO,46832,297.20,140.36,1704177322,,,,,,,,
2024-01-02 12:05:22,tf,NFO,46832,296.75,139.99,1704177322,72717270,296.45,296.75,180,15,220.11,,
2024-01-02 12:05:22,tf,NFO,46832,296.75,139.99,1704177322,72717270,296.45,296.75,180,15,220.11,,
2024-01-02 12:05:23,tf,NFO,46832,297.35,140.48,1704177323,,,,,,,,
2024-01-02 12:05:23,tf,NFO,46832,297.35,140.48,1704177323,,,,,,,,
2024-01-02 12:05:23,tf,NFO,46832,297.05,140.23,1704177323,72721950,296.60,297.05,90,90,,,
2024-01-02 12:05:23,tf,NFO,46832,297.05,140.23,1704177323,72721950,296.60,297.05,90,90,,,
2024-01-02 12:05:24,tf,NFO,46832,295.45,138.94,1704177324,,,,,,,,
2024-01-02 12:05:24,tf,NFO,46832,295.45,138.94,1704177324,,,,,,,,
2024-01-02 12:05:25,tf,NFO,46832,293.25,137.16,1704177325,,,,,,,,
2024-01-02 12:05:25,tf,NFO,46832,293.25,137.16,1704177325,,,,,,,,
2024-01-02 12:05:26,tf,NFO,46832,292.10,136.23,1704177325,72733710,292.10,292.40,150,90,220.12,,
2024-01-02 12:05:26,tf,NFO,46832,292.10,136.23,1704177325,72733710,292.10,292.40,150,90,220.12,,
2024-01-02 12:05:26,tf,NFO,46832,292.90,136.88,1704177326,72738375,292.95,293.55,15,120,220.13,,
2024-01-02 12:05:26,tf,NFO,46832,292.90,136.88,1704177326,72738375,292.95,293.55,15,120,220.13,,
2024-01-02 12:05:27,tf,NFO,46832,291.60,135.83,1704177327,,,,,,,,
2024-01-02 12:05:27,tf,NFO,46832,291.60,135.83,1704177327,,,,,,,,
2024-01-02 12:05:27,tf,NFO,46832,291.80,135.99,1704177327,72746085,291.50,291.95,30,90,,,
2024-01-02 12:05:27,tf,NFO,46832,291.80,135.99,1704177327,72746085,291.50,291.95,30,90,,,
2024-01-02 12:05:28,tf,NFO,46832,291.55,135.79,1704177328,,,,,,,,
2024-01-02 12:05:28,tf,NFO,46832,291.55,135.79,1704177328,,,,,,,,
2024-01-02 12:05:28,tf,NFO,46832,292.65,136.68,1704177328,72753255,292.05,292.65,240,15,220.14,,
2024-01-02 12:05:28,tf,NFO,46832,292.65,136.68,1704177328,72753255,292.05,292.65,240,15,220.14,,
2024-01-02 12:05:29,tf,NFO,46832,290.90,135.26,1704177329,,,,,,,,
2024-01-02 12:05:29,tf,NFO,46832,290.90,135.26,1704177329,,,,,,,,
2024-01-02 12:05:29,tf,NFO,46832,290.60,135.02,1704177329,72756960,290.60,291.20,195,75,220.15,,
2024-01-02 12:05:29,tf,NFO,46832,290.60,135.02,1704177329,72756960,290.60,291.20,195,75,220.15,,
2024-01-02 12:05:30,tf,NFO,46832,289.30,133.97,1704177330,,,,,,,,
2024-01-02 12:05:30,tf,NFO,46832,289.30,133.97,1704177330,,,,,,,,
2024-01-02 12:05:30,tf,NFO,46832,290.05,134.57,1704177330,72768630,289.40,290.05,60,345,220.16,,
2024-01-02 12:05:30,tf,NFO,46832,290.05,134.57,1704177330,72768630,289.40,290.05,60,345,220.16,,
2024-01-02 12:05:31,tf,NFO,46832,290.85,135.22,1704177331,,,,,,,,
2024-01-02 12:05:31,tf,NFO,46832,290.85,135.22,1704177331,,,,,,,,
2024-01-02 12:05:32,tf,NFO,46832,291.95,136.11,1704177331,72774705,291.65,291.85,105,90,,,
2024-01-02 12:05:32,tf,NFO,46832,291.95,136.11,1704177331,72774705,291.65,291.85,105,90,,,
2024-01-02 12:05:32,tf,NFO,46832,291.50,135.75,1704177332,,,,,,,,
2024-01-02 12:05:32,tf,NFO,46832,291.50,135.75,1704177332,,,,,,,,
2024-01-02 12:05:32,tf,NFO,46832,291.15,135.46,1704177332,72776175,290.60,291.40,315,120,,,
2024-01-02 12:05:32,tf,NFO,46832,291.15,135.46,1704177332,72776175,290.60,291.40,315,120,,,
2024-01-02 12:05:33,tf,NFO,46832,291.45,135.71,1704177333,,,,,,,,
2024-01-02 12:05:33,tf,NFO,46832,291.45,135.71,1704177333,,,,,,,,
2024-01-02 12:05:34,tf,NFO,46832,291.05,135.38,1704177334,,,,,,,,
2024-01-02 12:05:34,tf,NFO,46832,291.05,135.38,1704177334,,,,,,,,
2024-01-02 12:05:34,tf,NFO,46832,290.75,135.14,1704177334,72784005,290.65,291.35,285,270,,,
2024-01-02 12:05:34,tf,NFO,46832,290.75,135.14,1704177334,72784005,290.65,291.35,285,270,,,
2024-01-02 12:05:35,tf,NFO,46832,290.60,135.02,1704177335,,,,,,,,
2024-01-02 12:05:35,tf,NFO,46832,291.00,135.34,1704177335,72786855,291.00,291.40,4950,105,,,
2024-01-02 12:05:36,tf,NFO,46832,289.60,134.21,1704177336,,,,,,,,
2024-01-02 12:05:36,tf,NFO,46832,289.15,133.85,1704177336,72798105,289.00,289.60,1095,240,220.18,,
2024-01-02 12:05:37,tf,NFO,46832,289.80,134.37,1704177337,,,,,,,,
2024-01-02 12:05:37,tf,NFO,46832,290.10,134.61,1704177337,72806040,289.60,290.20,45,90,220.19,,
2024-01-02 12:05:38,tf,NFO,46832,290.40,134.86,1704177338,,,,,,,,
2024-01-02 12:05:39,tf,NFO,46832,291.85,136.03,1704177339,72810225,291.30,291.85,90,45,220.20,,
2024-01-02 12:05:39,tf,NFO,46832,291.50,135.75,1704177339,,,,,,,,
2024-01-02 12:05:40,tf,NFO,46832,291.45,135.71,1704177340,,,,,,,,
2024-01-02 12:05:41,tf,NFO,46832,291.10,135.42,1704177341,,,,,,,,
2024-01-02 12:05:41,tf,NFO,46832,290.50,134.94,1704177341,72815865,290.75,291.15,150,15,,,
2024-01-02 12:05:57,tf,NFO,46832,273.00,120.78,1704177357,,,,,,,,
2024-01-02 12:05:57,tf,NFO,46832,273.45,121.15,1704177357,72949860,272.00,272.70,75,,220.31,,
2024-01-02 12:05:58,tf,NFO,46832,273.00,120.78,1704177358,,,,,,,,
2024-01-02 12:05:58,tf,NFO,46832,273.85,121.47,1704177358,72957915,273.55,273.85,60,75,220.32,,
2024-01-02 12:05:59,tf,NFO,46832,272.75,120.58,1704177359,,,,,,,,
2024-01-02 12:05:59,tf,NFO,46832,272.95,120.74,1704177359,72962175,272.40,272.95,120,90,,,
2024-01-02 12:06:00,tf,NFO,46832,275.20,122.56,1704177360,,,,,,,,
2024-01-02 12:06:00,tf,NFO,46832,274.45,121.96,1704177360,72967680,274.00,274.65,90,,220.33,,
2024-01-02 12:06:01,tf,NFO,46832,275.50,122.81,1704177361,,,,,,,,
2024-01-02 12:06:02,tf,NFO,46832,274.45,121.96,1704177361,72974220,274.45,275.20,225,765,,,
2024-01-02 12:06:02,tf,NFO,46832,274.80,122.24,1704177362,,,,,,,,
2024-01-02 12:06:03,tf,NFO,46832,274.55,122.04,1704177362,72978075,274.10,274.75,180,300,,,
2024-01-02 12:06:03,tf,NFO,46832,276.50,123.62,1704177363,,,,,,,,
2024-01-02 12:06:04,tf,NFO,46832,276.10,123.29,1704177363,72980685,276.10,276.60,15,345,220.34,,
2024-01-02 12:06:04,tf,NFO,46832,275.45,122.77,1704177364,,,,,,,,
2024-01-02 12:06:05,tf,NFO,46832,275.10,122.48,1704177364,72985440,275.10,275.80,600,105,,,
2024-01-02 12:06:05,tf,NFO,46832,275.75,123.01,1704177365,,,,,,,,
2024-01-02 12:06:06,tf,NFO,46832,276.10,123.29,1704177365,72989415,276.60,277.00,75,180,,,
2024-01-02 12:06:06,tf,NFO,46832,275.00,122.40,1704177366,,,,,,,,
2024-01-02 12:06:07,tf,NFO,46832,274.80,122.24,1704177367,72991335,274.25,274.80,135,45,,,
2024-01-02 12:06:07,tf,NFO,46832,276.00,123.21,1704177367,,,,,,,,
2024-01-02 12:06:08,tf,NFO,46832,277.65,124.55,1704177368,,,,,,,,
2024-01-02 12:06:08,tf,NFO,46832,277.80,124.67,1704177368,72994890,277.20,277.80,15,165,220.35,,
2024-01-02 12:06:09,tf,NFO,46832,276.70,123.78,1704177369,,,,,,,,
2024-01-02 12:06:09,tf,NFO,46832,276.55,123.66,1704177369,72998325,275.90,276.55,345,210,,,
2024-01-02 12:06:10,tf,NFO,46832,277.00,124.02,1704177370,,,,,,,,
2024-01-02 12:06:10,tf,NFO,46832,276.95,123.98,1704177370,73001880,276.60,277.40,450,675,,,
2024-01-02 12:06:11,tf,NFO,46832,276.85,123.90,1704177371,,,,,,,,
2024-01-02 12:06:12,tf,NFO,46832,276.25,123.41,1704177372,,,,,,,,
2024-01-02 12:06:12,tf,NFO,46832,274.75,122.20,1704177372,73004280,274.65,275.15,180,45,,,
2024-01-02 12:06:13,tf,NFO,46832,275.30,122.64,1704177373,,,,,,,,
2024-01-02 12:06:13,tf,NFO,46832,276.10,123.29,1704177373,73005495,275.00,275.75,330,150,,,
2024-01-02 12:06:14,tf,NFO,46832,275.00,122.40,1704177374,,,,,,,,
2024-01-02 12:06:14,tf,NFO,46832,275.45,122.77,1704177374,73009455,,275.40,15,405,220.36,,
2024-01-02 12:06:15,tf,NFO,46832,275.80,123.05,1704177375,,,,,,,,
2024-01-02 12:06:15,tf,NFO,46832,275.05,122.44,1704177375,73011825,,275.45,375,270,,,
2024-01-02 12:06:15,tf,NFO,46832,275.80,123.05,1704177375,,,,,,,,
2024-01-02 12:06:15,tf,NFO,46832,275.05,122.44,1704177375,73011825,,275.45,375,270,,,
2024-01-02 12:06:16,tf,NFO,46832,273.40,121.11,1704177376,,,,,,,,
2024-01-02 12:06:16,tf,NFO,46832,273.40,121.11,1704177376,,,,,,,,
2024-01-02 12:06:17,tf,NFO,46832,274.05,121.63,1704177376,73017225,273.65,274.25,135,60,,,
2024-01-02 12:06:17,tf,NFO,46832,274.05,121.63,1704177376,73017225,273.65,274.25,135,60,,,
2024-01-02 12:06:17,tf,NFO,46832,273.75,121.39,1704177377,,,,,,,,
2024-01-02 12:06:17,tf,NFO,46832,273.75,121.39,1704177377,,,,,,,,
2024-01-02 12:06:18,tf,NFO,46832,273.10,120.87,1704177377,73021680,273.40,274.00,30,330,220.37,,
2024-01-02 12:06:18,tf,NFO,46832,273.10,120.87,1704177377,73021680,273.40,274.00,30,330,220.37,,
2024-01-02 12:06:18,tf,NFO,46832,272.75,120.58,1704177378,,,,,,,,
2024-01-02 12:06:18,tf,NFO,46832,272.75,120.58,1704177378,,,,,,,,
2024-01-02 12:06:18,tf,NFO,46832,273.25,120.99,1704177378,73024935,272.75,273.30,45,15,,,
2024-01-02 12:06:18,tf,NFO,46832,273.25,120.99,1704177378,73024935,272.75,273.30,45,15,,,
2024-01-02 12:06:19,tf,NFO,46832,271.20,119.33,1704177379,,,,,,,,
2024-01-02 12:06:19,tf,NFO,46832,271.20,119.33,1704177379,,,,,,,,
2024-01-02 12:06:19,tf,NFO,46832,271.80,119.81,1704177379,73029855,271.25,271.75,75,165,,,
2024-01-02 12:06:19,tf,NFO,46832,271.80,119.81,1704177379,73029855,271.25,271.75,75,165,,,
2024-01-02 12:06:20,tf,NFO,46832,270.50,118.76,1704177380,,,,,,,,
2024-01-02 12:06:20,tf,NFO,46832,270.50,118.76,1704177380,,,,,,,,
2024-01-02 12:06:21,tf,NFO,46832,269.75,118.16,1704177380,73044015,270.05,270.50,,240,220.38,,
2024-01-02 12:06:21,tf,NFO,46832,269.75,118.16,1704177380,73044015,270.05,270.50,,240,220.38,,
2024-01-02 12:06:21,tf,NFO,46832,269.45,117.91,1704177381,,,,,,,,
2024-01-02 12:06:21,tf,NFO,46832,269.45,117.91,1704177381,,,,,,,,
2024-01-02 12:06:21,tf,NFO,46832,268.95,117.51,1704177381,73047810,268.95,269.35,150,75,,,
2024-01-02 12:06:21,tf,NFO,46832,268.95,117.51,1704177381,73047810,268.95,269.35,150,75,,,
2024-01-02 12:06:22,tf,NFO,46832,269.10,117.63,1704177382,,,,,,,,
2024-01-02 12:06:22,tf,NFO,46832,269.10,117.63,1704177382,,,,,,,,
2024-01-02 12:06:22,tf,NFO,46832,269.25,117.75,1704177382,73057785,268.65,269.20,45,180,220.39,,
2024-01-02 12:06:22,tf,NFO,46832,269.25,117.75,1704177382,73057785,268.65,269.20,45,180,220.39,,
2024-01-02 12:06:23,tf,NFO,46832,270.15,118.48,1704177383,,,,,,,,
2024-01-02 12:06:23,tf,NFO,46832,270.15,118.48,1704177383,,,,,,,,
2024-01-02 12:06:23,tf,NFO,46832,269.55,117.99,1704177383,73064355,269.55,270.05,15,15,220.40,,
2024-01-02 12:06:23,tf,NFO,46832,269.55,117.99,1704177383,73064355,269.55,270.05,15,15,220.40,,
2024-01-02 12:06:24,tf,NFO,46832,267.55,116.38,1704177384,,,,,,,,
2024-01-02 12:06:24,tf,NFO,46832,267.55,116.38,1704177384,,,,,,,,
2024-01-02 12:06:24,tf,NFO,46832,268.65,117.27,1704177384,73085895,268.25,268.75,150,75,220.41,,
2024-01-02 12:06:24,tf,NFO,46832,268.65,117.27,1704177384,73085895,268.25,268.75,150,75,220.41,,
2024-01-02 12:06:25,tf,NFO,46832,269.25,117.75,1704177385,,,,,,,,
2024-01-02 12:06:25,tf,NFO,46832,269.25,117.75,1704177385,,,,,,,,
2024-01-02 12:06:25,tf,NFO,46832,270.25,118.56,1704177385,73090410,269.25,269.80,,330,,,
2024-01-02 12:06:25,tf,NFO,46832,270.25,118.56,1704177385,73090410,269.25,269.80,,330,,,
2024-01-02 12:06:26,tf,NFO,46832,270.35,118.64,1704177386,,,,,,,,
2024-01-02 12:06:26,tf,NFO,46832,270.35,118.64,1704177386,,,,,,,,
2024-01-02 12:06:26,tf,NFO,46832,270.30,118.60,1704177386,73097985,270.60,271.15,195,15,220.42,,
2024-01-02 12:06:26,tf,NFO,46832,270.30,118.60,1704177386,73097985,270.60,271.15,195,15,220.42,,
2024-01-02 12:06:27,tf,NFO,46832,268.65,117.27,1704177387,,,,,,,,
2024-01-02 12:06:27,tf,NFO,46832,268.65,117.27,1704177387,,,,,,,,
2024-01-02 12:06:27,tf,NFO,46832,269.75,118.16,1704177387,73100430,269.65,269.90,90,30,,,
2024-01-02 12:06:27,tf,NFO,46832,269.75,118.16,1704177387,73100430,269.65,269.90,90,30,,,
2024-01-02 12:06:28,tf,NFO,46832,270.60,118.84,1704177388,,,,,,,,
2024-01-02 12:06:28,tf,NFO,46832,270.60,118.84,1704177388,,,,,,,,
2024-01-02 12:06:28,tf,NFO,46832,270.90,119.09,1704177388,73103400,270.95,271.40,75,135,,,
2024-01-02 12:06:28,tf,NFO,46832,270.90,119.09,1704177388,73103400,270.95,271.40,75,135,,,
2024-01-02 12:06:29,tf,NFO,46832,271.15,119.29,1704177389,,,,,,,,
2024-01-02 12:06:29,tf,NFO,46832,271.15,119.29,1704177389,,,,,,,,
2024-01-02 12:06:29,tf,NFO,46832,271.20,119.33,1704177389,73105770,270.65,271.20,210,60,,,
2024-01-02 12:06:29,tf,NFO,46832,271.20,119.33,1704177389,73105770,270.65,271.20,210,60,,,
2024-01-02 12:06:30,tf,NFO,46832,270.55,118.80,1704177390,,,,,,,,
2024-01-02 12:06:30,tf,NFO,46832,270.55,118.80,1704177390,,,,,,,,
2024-01-02 12:06:30,tf,NFO,46832,271.05,119.21,1704177390,73106475,270.55,271.15,90,255,,,
2024-01-02 12:06:30,tf,NFO,46832,271.05,119.21,1704177390,73106475,270.55,271.15,90,255,,,
2024-01-02 12:06:31,tf,NFO,46832,271.55,119.61,1704177391,,,,,,,,
2024-01-02 12:06:31,tf,NFO,46832,271.55,119.61,1704177391,,,,,,,,
2024-01-02 12:06:31,tf,NFO,46832,270.75,118.96,1704177391,73107390,270.65,271.20,30,60,,,
2024-01-02 12:06:31,tf,NFO,46832,270.75,118.96,1704177391,73107390,270.65,271.20,30,60,,,
2024-01-02 12:06:32,tf,NFO,46832,269.60,118.03,1704177392,,,,,,,,
2024-01-02 12:06:32,tf,NFO,46832,269.60,118.03,1704177392,,,,,,,,
2024-01-02 12:06:32,tf,NFO,46832,269.40,117.87,1704177392,73110675,269.00,269.40,795,285,220.43,,
2024-01-02 12:06:32,tf,NFO,46832,269.40,117.87,1704177392,73110675,269.00,269.40,795,285,220.43,,
2024-01-02 12:06:33,tf,NFO,46832,269.90,118.28,1704177393,,,,,,,,
2024-01-02 12:06:33,tf,NFO,46832,269.90,118.28,1704177393,,,,,,,,
2024-01-02 12:06:33,tf,NFO,46832,269.75,118.16,1704177393,73112370,269.25,269.85,165,15,,,
2024-01-02 12:06:33,tf,NFO,46832,269.75,118.16,1704177393,73112370,269.25,269.85,165,15,,,
2024-01-02 12:06:34,tf,NFO,46832,269.10,117.63,1704177394,,,,,,,,
2024-01-02 12:06:34,tf,NFO,46832,269.10,117.63,1704177394,,,,,,,,
2024-01-02 12:06:34,tf,NFO,46832,269.00,117.55,1704177394,73113465,268.60,269.20,375,210,,,
2024-01-02 12:06:34,tf,NFO,46832,269.00,117.55,1704177394,73113465,268.60,269.20,375,210,,,
2024-01-02 12:06:35,tf,NFO,46832,268.20,116.90,1704177395,,,,,,,,
2024-01-02 12:06:35,tf,NFO,46832,268.20,116.90,1704177395,,,,,,,,
2024-01-02 12:06:35,tf,NFO,46832,267.65,116.46,1704177395,73115445,267.60,268.10,15,300,,,
2024-01-02 12:06:35,tf,NFO,46832,267.65,116.46,1704177395,73115445,267.60,268.10,15,300,,,
2024-01-02 12:06:36,tf,NFO,46832,267.45,116.30,1704177396,,,,,,,,
2024-01-02 12:06:36,tf,NFO,46832,267.45,116.30,1704177396,,,,,,,,
2024-01-02 12:06:37,tf,NFO,46832,268.50,117.15,1704177396,73121145,267.55,268.15,420,30,,,
2024-01-02 12:06:37,tf,NFO,46832,268.50,117.15,1704177396,73121145,267.55,268.15,420,30,,,
2024-01-02 12:06:37,tf,NFO,46832,268.10,116.82,1704177397,,,,,,,,
2024-01-02 12:06:37,tf,NFO,46832,268.10,116.82,1704177397,,,,,,,,
2024-01-02 12:06:38,tf,NFO,46832,267.00,115.93,1704177397,73124190,267.00,267.35,5760,150,220.44,,
2024-01-02 12:06:38,tf,NFO,46832,267.00,115.93,1704177397,73124190,267.00,267.35,5760,150,220.44,,
2024-01-02 12:06:38,tf,NFO,46832,268.75,117.35,1704177398,,,,,,,,
2024-01-02 12:06:38,tf,NFO,46832,268.75,117.35,1704177398,,,,,,,,
2024-01-02 12:06:39,tf,NFO,46832,268.60,117.23,1704177398,73126110,268.45,268.95,195,75,,,
2024-01-02 12:06:39,tf,NFO,46832,268.60,117.23,1704177398,73126110,268.45,268.95,195,75,,,
2024-01-02 12:06:39,tf,NFO,46832,267.90,116.66,1704177399,,,,,,,,
2024-01-02 12:06:39,tf,NFO,46832,267.90,116.66,1704177399,,,,,,,,
2024-01-02 12:06:40,tf,NFO,46832,268.35,117.02,1704177399,73129560,268.10,268.60,30,15,,,
2024-01-02 12:06:40,tf,NFO,46832,268.35,117.02,1704177399,73129560,268.10,268.60,30,15,,,
2024-01-02 12:06:40,tf,NFO,46832,267.60,116.42,1704177400,,,,,,,,
2024-01-02 12:06:40,tf,NFO,46832,267.60,116.42,1704177400,,,,,,,,
2024-01-02 12:06:40,tf,NFO,46832,267.15,116.05,1704177400,73133595,267.15,267.75,255,,,,
2024-01-02 12:06:40,tf,NFO,46832,267.15,116.05,1704177400,73133595,267.15,267.75,255,,,,
2024-01-02 12:06:41,tf,NFO,46832,268.65,117.27,1704177401,,,,,,,,
2024-01-02 12:06:41,tf,NFO,46832,268.65,117.27,1704177401,,,,,,,,
2024-01-02 12:06:41,tf,NFO,46832,269.20,117.71,1704177401,73135725,268.85,269.25,30,60,,,
2024-01-02 12:06:41,tf,NFO,46832,269.20,117.71,1704177401,73135725,268.85,269.25,30,60,,,
2024-01-02 12:06:42,tf,NFO,46832,267.65,116.46,1704177402,,,,,,,,
2024-01-02 12:06:42,tf,NFO,46832,267.65,116.46,1704177402,,,,,,,,
2024-01-02 12:06:42,tf,NFO,46832,267.20,116.09,1704177402,73136970,267.20,267.75,15,360,,,
2024-01-02 12:06:42,tf,NFO,46832,267.20,116.09,1704177402,73136970,267.20,267.75,15,360,,,
2024-01-02 12:06:43,tf,NFO,46832,269.25,117.75,1704177403,,,,,,,,
2024-01-02 12:06:43,tf,NFO,46832,269.25,117.75,1704177403,,,,,,,,
2024-01-02 12:06:43,tf,NFO,46832,269.05,117.59,1704177403,73140600,269.10,269.65,540,195,220.45,,
2024-01-02 12:06:43,tf,NFO,46832,269.05,117.59,1704177403,73140600,269.10,269.65,540,195,220.45,,
2024-01-02 12:06:44,tf,NFO,46832,269.20,117.71,1704177404,,,,,,,,
2024-01-02 12:06:44,tf,NFO,46832,269.20,117.71,1704177404,,,,,,,,
2024-01-02 12:06:44,tf,NFO,46832,268.15,116.86,1704177404,73142130,268.15,268.65,15,225,,,
2024-01-02 12:06:44,tf,NFO,46832,268.15,116.86,1704177404,73142130,268.15,268.65,15,225,,,
2024-01-02 12:06:45,tf,NFO,46832,268.65,117.27,1704177405,,,,,,,,
2024-01-02 12:06:45,tf,NFO,46832,268.65,117.27,1704177405,,,,,,,,
2024-01-02 12:06:46,tf,NFO,46832,268.60,117.23,1704177405,73144545,268.00,268.45,315,195,,,
2024-01-02 12:06:46,tf,NFO,46832,268.60,117.23,1704177405,73144545,268.00,268.45,315,195,,,
2024-01-02 12:06:46,tf,NFO,46832,268.15,116.86,1704177406,,,,,,,,
2024-01-02 12:06:46,tf,NFO,46832,268.15,116.86,1704177406,,,,,,,,
2024-01-02 12:06:47,tf,NFO,46832,268.20,116.90,1704177406,73147710,267.65,268.20,90,360,,,
2024-01-02 12:06:47,tf,NFO,46832,268.20,116.90,1704177406,73147710,267.65,268.20,90,360,,,
2024-01-02 12:06:47,tf,NFO,46832,268.40,117.06,1704177407,,,,,,,,
2024-01-02 12:06:47,tf,NFO,46832,268.40,117.06,1704177407,,,,,,,,
2024-01-02 12:06:48,tf,NFO,46832,268.15,116.86,1704177408,73149855,267.80,268.45,225,225,,,
2024-01-02 12:06:48,tf,NFO,46832,268.15,116.86,1704177408,73149855,267.80,268.45,225,225,,,
2024-01-02 12:06:48,tf,NFO,46832,268.25,116.94,1704177408,,,,,,,,
2024-01-02 12:06:48,tf,NFO,46832,268.25,116.94,1704177408,,,,,,,,
2024-01-02 12:06:49,tf,NFO,46832,270.35,118.64,1704177409,,,,,,,,
2024-01-02 12:06:49,tf,NFO,46832,270.35,118.64,1704177409,,,,,,,,
2024-01-02 12:06:49,tf,NFO,46832,269.70,118.12,1704177409,73153530,269.60,270.00,180,225,,,
2024-01-02 12:06:49,tf,NFO,46832,269.70,118.12,1704177409,73153530,269.60,270.00,180,225,,,
2024-01-02 12:06:50,tf,NFO,46832,269.00,117.55,1704177410,,,,,,,,
2024-01-02 12:06:50,tf,NFO,46832,269.00,117.55,1704177410,,,,,,,,
2024-01-02 12:06:51,tf,NFO,46832,271.70,119.73,1704177411,,,,,,,,
2024-01-02 12:06:51,tf,NFO,46832,271.70,119.73,1704177411,,,,,,,,
2024-01-02 12:06:52,tf,NFO,46832,271.80,119.81,1704177411,73158810,271.10,271.70,240,15,,,
2024-01-02 12:06:52,tf,NFO,46832,271.80,119.81,1704177411,73158810,271.10,271.70,240,15,,,
2024-01-02 12:06:52,tf,NFO,46832,270.55,118.80,1704177412,,,,,,,,
2024-01-02 12:06:52,tf,NFO,46832,270.55,118.80,1704177412,,,,,,,,
2024-01-02 12:06:53,tf,NFO,46832,271.55,119.61,1704177412,73162785,271.40,271.90,15,30,,,
2024-01-02 12:06:53,tf,NFO,46832,271.55,119.61,1704177412,73162785,271.40,271.90,15,30,,,
2024-01-02 12:06:53,tf,NFO,46832,269.65,118.08,1704177413,,,,,,,,
2024-01-02 12:06:53,tf,NFO,46832,269.65,118.08,1704177413,,,,,,,,
2024-01-02 12:06:54,tf,NFO,46832,269.75,118.16,1704177413,73164135,269.35,269.85,105,150,,,
2024-01-02 12:06:54,tf,NFO,46832,269.75,118.16,1704177413,73164135,269.35,269.85,105,150,,,
2024-01-02 12:06:54,tf,NFO,46832,269.70,118.12,1704177414,,,,,,,,
2024-01-02 12:06:54,tf,NFO,46832,269.70,118.12,1704177414,,,,,,,,
2024-01-02 12:06:55,tf,NFO,46832,269.50,117.95,1704177414,73166085,269.15,269.60,,,,,
2024-01-02 12:06:55,tf,NFO,46832,269.50,117.95,1704177414,73166085,269.15,269.60,,,,,
2024-01-02 12:06:55,tf,NFO,46832,269.85,118.24,1704177415,,,,,,,,
2024-01-02 12:06:55,tf,NFO,46832,269.85,118.24,1704177415,,,,,,,,
2024-01-02 12:06:55,tf,NFO,46832,270.20,118.52,1704177415,73166130,269.80,270.20,,30,,,
2024-01-02 12:06:55,tf,NFO,46832,270.20,118.52,1704177415,73166130,269.80,270.20,,30,,,
2024-01-02 12:06:56,tf,NFO,46832,271.00,119.17,1704177416,,,,,,,,
2024-01-02 12:06:56,tf,NFO,46832,271.00,119.17,1704177416,,,,,,,,
2024-01-02 12:06:56,tf,NFO,46832,271.65,119.69,1704177416,73167150,271.15,271.75,,540,,,
2024-01-02 12:06:56,tf,NFO,46832,271.65,119.69,1704177416,73167150,271.15,271.75,,540,,,
2024-01-02 12:06:57,tf,NFO,46832,272.00,119.98,1704177417,,,,,,,,
2024-01-02 12:06:57,tf,NFO,46832,272.00,119.98,1704177417,,,,,,,,
2024-01-02 12:06:57,tf,NFO,46832,272.05,120.02,1704177417,73178010,271.85,272.40,150,195,220.47,,
2024-01-02 12:06:57,tf,NFO,46832,272.05,120.02,1704177417,73178010,271.85,272.40,150,195,220.47,,
2024-01-02 12:06:58,tf,NFO,46832,272.20,120.14,1704177418,,,,,,,,
2024-01-02 12:06:58,tf,NFO,46832,272.20,120.14,1704177418,,,,,,,,
2024-01-02 12:06:59,tf,NFO,46832,272.40,120.30,1704177419,,,,,,,,
2024-01-02 12:06:59,tf,NFO,46832,272.40,120.30,1704177419,,,,,,,,
2024-01-02 12:06:59,tf,NFO,46832,272.30,120.22,1704177419,73180965,272.00,,150,45,,,
2024-01-02 12:06:59,tf,NFO,46832,272.30,120.22,1704177419,73180965,272.00,,150,45,,,
2024-01-02 12:07:00,tf,NFO,46832,271.75,119.77,1704177420,,,,,,,,
2024-01-02 12:07:00,tf,NFO,46832,271.75,119.77,1704177420,,,,,,,,
2024-01-02 12:07:01,tf,NFO,46832,271.00,119.17,1704177421,,,,,,,,
2024-01-02 12:07:01,tf,NFO,46832,271.00,119.17,1704177421,,,,,,,,
2024-01-02 12:07:01,tf,NFO,46832,270.80,119.01,1704177421,73184670,270.45,271.05,75,870,220.48,,
2024-01-02 12:07:01,tf,NFO,46832,270.80,119.01,1704177421,73184670,270.45,271.05,75,870,220.48,,
2024-01-02 12:07:02,tf,NFO,46832,270.35,118.64,1704177422,,,,,,,,
2024-01-02 12:07:02,tf,NFO,46832,270.35,118.64,1704177422,,,,,,,,
2024-01-02 12:07:03,tf,NFO,46832,269.95,118.32,1704177422,73187310,269.65,270.00,480,1215,,,
2024-01-02 12:07:03,tf,NFO,46832,269.95,118.32,1704177422,73187310,269.65,270.00,480,1215,,,
2024-01-02 12:07:03,tf,NFO,46832,270.40,118.68,1704177423,,,,,,,,
2024-01-02 12:07:03,tf,NFO,46832,270.40,118.68,1704177423,,,,,,,,
2024-01-02 12:07:04,tf,NFO,46832,270.00,118.36,1704177424,,,,,,,,
2024-01-02 12:07:04,tf,NFO,46832,270.00,118.36,1704177424,,,,,,,,
2024-01-02 12:07:05,tf,NFO,46832,271.00,119.17,1704177424,73190040,270.65,271.00,15,30,,,
2024-01-02 12:07:05,tf,NFO,46832,271.00,119.17,1704177424,73190040,270.65,271.00,15,30,,,
2024-01-02 12:07:05,tf,NFO,46832,270.65,118.88,1704177425,,,,,,,,
2024-01-02 12:07:05,tf,NFO,46832,270.65,118.88,1704177425,,,,,,,,
2024-01-02 12:07:06,tf,NFO,46832,270.55,118.80,1704177425,73190475,270.60,,270,,,,
2024-01-02 12:07:06,tf,NFO,46832,270.55,118.80,1704177425,73190475,270.60,,270,,,,
2024-01-02 12:07:06,tf,NFO,46832,270.70,118.92,1704177426,,,,,,,,
2024-01-02 12:07:06,tf,NFO,46832,270.70,118.92,1704177426,,,,,,,,
2024-01-02 12:07:06,tf,NFO,46832,270.00,118.36,1704177426,73190955,270.00,270.55,675,45,,,
2024-01-02 12:07:06,tf,NFO,46832,270.00,118.36,1704177426,73190955,270.00,270.55,675,45,,,
2024-01-02 12:07:07,tf,NFO,46832,269.15,117.67,1704177427,,,,,,,,
2024-01-02 12:07:07,tf,NFO,46832,269.15,117.67,1704177427,,,,,,,,
2024-01-02 12:07:08,tf,NFO,46832,270.45,118.72,1704177428,,,,,,,,
2024-01-02 12:07:08,tf,NFO,46832,270.45,118.72,1704177428,,,,,,,,
2024-01-02 12:07:09,tf,NFO,46832,270.00,118.36,1704177429,,,,,,,,
2024-01-02 12:07:09,tf,NFO,46832,270.00,118.36,1704177429,,,,,,,,
2024-01-02 12:07:10,tf,NFO,46832,270.90,119.09,1704177430,,,,,,,,
2024-01-02 12:07:10,tf,NFO,46832,270.90,119.09,1704177430,,,,,,,,
2024-01-02 12:07:10,tf,NFO,46832,270.40,118.68,1704177430,73193940,270.30,270.70,120,60,,,
2024-01-02 12:07:10,tf,NFO,46832,270.40,118.68,1704177430,73193940,270.30,270.70,120,60,,,
2024-01-02 12:07:11,tf,NFO,46832,271.65,119.69,1704177431,,,,,,,,
2024-01-02 12:07:11,tf,NFO,46832,271.65,119.69,1704177431,,,,,,,,
2024-01-02 12:07:12,tf,NFO,46832,271.20,119.33,1704177431,73195875,271.05,271.55,165,30,,,
2024-01-02 12:07:12,tf,NFO,46832,271.20,119.33,1704177431,73195875,271.05,271.55,165,30,,,
2024-01-02 12:07:12,tf,NFO,46832,270.75,118.96,1704177432,,,,,,,,
2024-01-02 12:07:12,tf,NFO,46832,270.75,118.96,1704177432,,,,,,,,
2024-01-02 12:07:13,tf,NFO,46832,271.15,119.29,1704177432,73197930,270.80,271.35,255,180,220.49,,
2024-01-02 12:07:13,tf,NFO,46832,271.15,119.29,1704177432,73197930,270.80,271.35,255,180,220.49,,
2024-01-02 12:07:13,tf,NFO,46832,271.00,119.17,1704177433,,,,,,,,
2024-01-02 12:07:13,tf,NFO,46832,271.00,119.17,1704177433,,,,,,,,
2024-01-02 12:07:14,tf,NFO,46832,270.85,119.05,1704177433,73198320,270.75,271.25,75,135,,,
2024-01-02 12:07:14,tf,NFO,46832,270.85,119.05,1704177433,73198320,270.75,271.25,75,135,,,
2024-01-02 12:07:14,tf,NFO,46832,270.75,118.96,1704177434,,,,,,,,
2024-01-02 12:07:14,tf,NFO,46832,270.75,118.96,1704177434,,,,,,,,
2024-01-02 12:07:15,tf,NFO,46832,268.75,117.35,1704177435,,,,,,,,
2024-01-02 12:07:15,tf,NFO,46832,268.75,117.35,1704177435,,,,,,,,
2024-01-02 12:07:15,tf,NFO,46832,268.30,116.98,1704177435,73204620,268.30,268.90,270,255,,,
2024-01-02 12:07:15,tf,NFO,46832,268.30,116.98,1704177435,73204620,268.30,268.90,270,255,,,
2024-01-02 12:07:16,tf,NFO,46832,267.90,116.66,1704177436,,,,,,,,
2024-01-02 12:07:16,tf,NFO,46832,267.90,116.66,1704177436,,,,,,,,
2024-01-02 12:07:17,tf,NFO,46832,268.15,116.86,1704177436,73210125,267.65,268.05,105,45,,,
2024-01-02 12:07:17,tf,NFO,46832,268.15,116.86,1704177436,73210125,267.65,268.05,105,45,,,
2024-01-02 12:07:17,tf,NFO,46832,268.75,117.35,1704177437,,,,,,,,
2024-01-02 12:07:17,tf,NFO,46832,268.75,117.35,1704177437,,,,,,,,
2024-01-02 12:07:18,tf,NFO,46832,268.00,116.74,1704177437,73210920,268.00,268.25,120,,,,
2024-01-02 12:07:18,tf,NFO,46832,268.00,116.74,1704177437,73210920,268.00,268.25,120,,,,
2024-01-02 12:07:18,tf,NFO,46832,268.40,117.06,1704177438,,,,,,,,
2024-01-02 12:07:18,tf,NFO,46832,268.40,117.06,1704177438,,,,,,,,
2024-01-02 12:07:19,tf,NFO,46832,268.25,116.94,1704177438,73212165,267.95,268.60,465,270,,,
2024-01-02 12:07:19,tf,NFO,46832,268.25,116.94,1704177438,73212165,267.95,268.60,465,270,,,
2024-01-02 12:07:19,tf,NFO,46832,268.95,117.51,1704177439,,,,,,,,
2024-01-02 12:07:19,tf,NFO,46832,268.95,117.51,1704177439,,,,,,,,
2024-01-02 12:07:19,tf,NFO,46832,268.55,117.19,1704177439,73212780,268.05,268.55,585,195,220.50,,
2024-01-02 12:07:19,tf,NFO,46832,268.55,117.19,1704177439,73212780,268.05,268.55,585,195,220.50,,
2024-01-02 12:07:20,tf,NFO,46832,268.35,117.02,1704177440,,,,,,,,
2024-01-02 12:07:20,tf,NFO,46832,268.35,117.02,1704177440,,,,,,,,
2024-01-02 12:07:20,tf,NFO,46832,268.00,116.74,1704177440,73213485,267.85,268.45,150,135,,,
2024-01-02 12:07:20,tf,NFO,46832,268.00,116.74,1704177440,73213485,267.85,268.45,150,135,,,
2024-01-02 12:07:22,tf,NFO,46832,268.95,117.51,1704177441,73214655,268.95,269.60,165,885,,,
2024-01-02 12:07:22,tf,NFO,46832,268.95,117.51,1704177441,73214655,268.95,269.60,165,885,,,
2024-01-02 12:07:22,tf,NFO,46832,268.60,117.23,1704177442,,,,,,,,
2024-01-02 12:07:22,tf,NFO,46832,268.60,117.23,1704177442,,,,,,,,
2024-01-02 12:07:23,tf,NFO,46832,269.30,117.79,1704177442,73215915,268.35,268.95,15,540,,,
2024-01-02 12:07:23,tf,NFO,46832,269.30,117.79,1704177442,73215915,268.35,268.95,15,540,,,
2024-01-02 12:07:23,tf,NFO,46832,268.85,117.43,1704177443,,,,,,,,
2024-01-02 12:07:23,tf,NFO,46832,268.85,117.43,1704177443,,,,,,,,
2024-01-02 12:07:24,tf,NFO,46832,268.00,116.74,1704177443,73217760,268.00,268.55,210,225,,,
2024-01-02 12:07:24,tf,NFO,46832,268.00,116.74,1704177443,73217760,268.00,268.55,210,225,,,
2024-01-02 12:07:24,tf,NFO,46832,268.50,117.15,1704177444,,,,,,,,
2024-01-02 12:07:24,tf,NFO,46832,268.50,117.15,1704177444,,,,,,,,
2024-01-02 12:07:24,tf,NFO,46832,268.35,117.02,1704177444,73217940,,268.40,45,15,,,
2024-01-02 12:07:24,tf,NFO,46832,268.35,117.02,1704177444,73217940,,268.40,45,15,,,
2024-01-02 12:07:26,tf,NFO,46832,267.75,116.54,1704177446,,,,,,,,
2024-01-02 12:07:26,tf,NFO,46832,267.75,116.54,1704177446,,,,,,,,
2024-01-02 12:07:26,tf,NFO,46832,267.65,116.46,1704177446,73219275,267.20,267.80,90,330,,,
2024-01-02 12:07:26,tf,NFO,46832,267.65,116.46,1704177446,73219275,267.20,267.80,90,330,,,
2024-01-02 12:07:27,tf,NFO,46832,267.10,116.01,1704177447,,,,,,,,
2024-01-02 12:07:27,tf,NFO,46832,267.10,116.01,1704177447,,,,,,,,
2024-01-02 12:07:27,tf,NFO,46832,267.40,116.26,1704177447,73221525,267.00,267.35,7470,90,,,
2024-01-02 12:07:27,tf,NFO,46832,267.40,116.26,1704177447,73221525,267.00,267.35,7470,90,,,
2024-01-02 12:07:28,tf,NFO,46832,266.00,115.12,1704177448,,,,,,,,
2024-01-02 12:07:28,tf,NFO,46832,266.00,115.12,1704177448,,,,,,,,
2024-01-02 12:07:29,tf,NFO,46832,267.00,115.93,1704177448,73233810,,267.30,615,105,220.51,,
2024-01-02 12:07:29,tf,NFO,46832,267.00,115.93,1704177448,73233810,,267.30,615,105,220.51,,
2024-01-02 12:07:29,tf,NFO,46832,266.90,115.85,1704177449,,,,,,,,
2024-01-02 12:07:29,tf,NFO,46832,266.90,115.85,1704177449,,,,,,,,
2024-01-02 12:07:30,tf,NFO,46832,267.00,115.93,1704177450,73236960,266.90,267.45,75,195,,,
2024-01-02 12:07:30,tf,NFO,46832,267.00,115.93,1704177450,73236960,266.90,267.45,75,195,,,
2024-01-02 12:07:30,tf,NFO,46832,266.90,115.85,1704177450,,,,,,,,
2024-01-02 12:07:30,tf,NFO,46832,266.90,115.85,1704177450,,,,,,,,
2024-01-02 12:07:30,tf,NFO,46832,266.75,115.73,1704177450,73237155,266.00,266.45,540,150,,,
2024-01-02 12:07:30,tf,NFO,46832,266.75,115.73,1704177450,73237155,266.00,266.45,540,150,,,
2024-01-02 12:07:31,tf,NFO,46832,265.60,114.80,1704177451,,,,,,,,
2024-01-02 12:07:31,tf,NFO,46832,265.60,114.80,1704177451,,,,,,,,
2024-01-02 12:07:31,tf,NFO,46832,265.30,114.56,1704177451,73239885,265.50,266.00,165,225,,,
2024-01-02 12:07:31,tf,NFO,46832,265.30,114.56,1704177451,73239885,265.50,266.00,165,225,,,
2024-01-02 12:07:32,tf,NFO,46832,266.00,115.12,1704177452,,,,,,,,
2024-01-02 12:07:32,tf,NFO,46832,266.00,115.12,1704177452,,,,,,,,
2024-01-02 12:07:33,tf,NFO,46832,264.45,113.87,1704177453,,,,,,,,
2024-01-02 12:07:33,tf,NFO,46832,264.45,113.87,1704177453,,,,,,,,
2024-01-02 12:07:34,tf,NFO,46832,260.75,110.88,1704177453,73279485,260.65,261.25,,405,220.53,,
2024-01-02 12:07:34,tf,NFO,46832,260.75,110.88,1704177453,73279485,260.65,261.25,,405,220.53,,
2024-01-02 12:07:34,tf,NFO,46832,260.15,110.39,1704177454,,,,,,,,
2024-01-02 12:07:34,tf,NFO,46832,260.15,110.39,1704177454,,,,,,,,
2024-01-02 12:07:35,tf,NFO,46832,261.75,111.69,1704177454,73288335,261.95,262.45,75,480,220.54,,
2024-01-02 12:07:35,tf,NFO,46832,261.75,111.69,1704177454,73288335,261.95,262.45,75,480,220.54,,
2024-01-02 12:07:35,tf,NFO,46832,261.55,111.52,1704177455,,,,,,,,
2024-01-02 12:07:35,tf,NFO,46832,261.55,111.52,1704177455,,,,,,,,
2024-01-02 12:07:36,tf,NFO,46832,262.95,112.66,1704177455,73294395,262.95,263.45,15,225,,,
2024-01-02 12:07:36,tf,NFO,46832,262.95,112.66,1704177455,73294395,262.95,263.45,15,225,,,
2024-01-02 12:07:36,tf,NFO,46832,264.10,113.59,1704177456,,,,,,,,
2024-01-02 12:07:36,tf,NFO,46832,264.10,113.59,1704177456,,,,,,,,
2024-01-02 12:07:37,tf,NFO,46832,263.85,113.38,1704177457,73301835,263.35,263.85,270,105,220.55,,
2024-01-02 12:07:37,tf,NFO,46832,263.85,113.38,1704177457,73301835,263.35,263.85,270,105,220.55,,
2024-01-02 12:07:37,tf,NFO,46832,263.45,113.06,1704177457,,,,,,,,
2024-01-02 12:07:37,tf,NFO,46832,263.45,113.06,1704177457,,,,,,,,
2024-01-02 12:07:38,tf,NFO,46832,263.05,112.74,1704177458,73303065,263.30,263.80,15,435,,,
2024-01-02 12:07:38,tf,NFO,46832,263.05,112.74,1704177458,73303065,263.30,263.80,15,435,,,
2024-01-02 12:07:38,tf,NFO,46832,262.75,112.49,1704177458,,,,,,,,
2024-01-02 12:07:38,tf,NFO,46832,262.75,112.49,1704177458,,,,,,,,
2024-01-02 12:07:38,tf,NFO,46832,262.95,112.66,1704177458,73303500,262.45,263.10,720,465,,,
2024-01-02 12:07:38,tf,NFO,46832,262.95,112.66,1704177458,73303500,262.45,263.10,720,465,,,
2024-01-02 12:07:39,tf,NFO,46832,261.30,111.32,1704177459,,,,,,,,
2024-01-02 12:07:39,tf,NFO,46832,261.30,111.32,1704177459,,,,,,,,
2024-01-02 12:07:39,tf,NFO,46832,260.85,110.96,1704177459,73309050,260.70,261.35,195,60,,,
2024-01-02 12:07:39,tf,NFO,46832,260.85,110.96,1704177459,73309050,260.70,261.35,195,60,,,
2024-01-02 12:07:40,tf,NFO,46832,260.70,110.84,1704177460,,,,,,,,
2024-01-02 12:07:40,tf,NFO,46832,260.70,110.84,1704177460,,,,,,,,
2024-01-02 12:07:40,tf,NFO,46832,261.15,111.20,1704177460,73317495,260.55,261.15,30,270,220.56,,
2024-01-02 12:07:40,tf,NFO,46832,261.15,111.20,1704177460,73317495,260.55,261.15,30,270,220.56,,
2024-01-02 12:07:41,tf,NFO,46832,260.20,110.43,1704177461,,,,,,,,
2024-01-02 12:07:41,tf,NFO,46832,260.20,110.43,1704177461,,,,,,,,
2024-01-02 12:07:41,tf,NFO,46832,262.70,112.45,1704177461,73323000,262.50,263.05,75,315,,,
2024-01-02 12:07:41,tf,NFO,46832,262.70,112.45,1704177461,73323000,262.50,263.05,75,315,,,
2024-01-02 12:07:42,tf,NFO,46832,262.15,112.01,1704177462,,,,,,,,
2024-01-02 12:07:42,tf,NFO,46832,262.15,112.01,1704177462,,,,,,,,
2024-01-02 12:07:42,tf,NFO,46832,262.90,112.62,1704177462,73327425,262.85,263.30,30,330,,,
2024-01-02 12:07:42,tf,NFO,46832,262.90,112.62,1704177462,73327425,262.85,263.30,30,330,,,
2024-01-02 12:07:43,tf,NFO,46832,263.85,113.38,1704177463,,,,,,,,
2024-01-02 12:07:43,tf,NFO,46832,263.85,113.38,1704177463,,,,,,,,
2024-01-02 12:07:43,tf,NFO,46832,263.45,113.06,1704177463,73335045,263.55,264.10,240,75,220.57,,
2024-01-02 12:07:43,tf,NFO,46832,263.45,113.06,1704177463,73335045,263.55,264.10,240,75,220.57,,
2024-01-02 12:07:44,tf,NFO,46832,264.20,113.67,1704177464,,,,,,,,
2024-01-02 12:07:44,tf,NFO,46832,264.20,113.67,1704177464,,,,,,,,
2024-01-02 12:07:44,tf,NFO,46832,263.70,113.26,1704177464,73344585,263.80,264.30,15,180,,,
2024-01-02 12:07:44,tf,NFO,46832,263.70,113.26,1704177464,73344585,263.80,264.30,15,180,,,
2024-01-02 12:07:45,tf,NFO,46832,264.30,113.75,1704177465,,,,,,,,
2024-01-02 12:07:45,tf,NFO,46832,264.30,113.75,1704177465,,,,,,,,
2024-01-02 12:07:45,tf,NFO,46832,264.35,113.79,1704177465,73346310,263.60,264.35,570,540,,,
2024-01-02 12:07:45,tf,NFO,46832,264.35,113.79,1704177465,73346310,263.60,264.35,570,540,,,
2024-01-02 12:07:46,tf,NFO,46832,265.20,114.48,1704177466,,,,,,,,
2024-01-02 12:07:46,tf,NFO,46832,265.20,114.48,1704177466,,,,,,,,
2024-01-02 12:07:47,tf,NFO,46832,264.75,114.11,1704177466,73348395,264.85,265.45,585,405,,,
2024-01-02 12:07:47,tf,NFO,46832,264.75,114.11,1704177466,73348395,264.85,265.45,585,405,,,
2024-01-02 12:07:47,tf,NFO,46832,265.80,114.96,1704177467,,,,,,,,
2024-01-02 12:07:47,tf,NFO,46832,265.80,114.96,1704177467,,,,,,,,
2024-01-02 12:07:47,tf,NFO,46832,265.50,114.72,1704177467,73350645,264.40,265.05,15,45,220.58,,
2024-01-02 12:07:47,tf,NFO,46832,265.50,114.72,1704177467,73350645,264.40,265.05,15,45,220.58,,
2024-01-02 12:07:48,tf,NFO,46832,261.45,111.44,1704177468,,,,,,,,
2024-01-02 12:07:48,tf,NFO,46832,261.45,111.44,1704177468,,,,,,,,
2024-01-02 12:07:48,tf,NFO,46832,261.75,111.69,1704177468,73354590,261.65,262.20,420,30,,,
2024-01-02 12:07:48,tf,NFO,46832,261.75,111.69,1704177468,73354590,261.65,262.20,420,30,,,
2024-01-02 12:07:49,tf,NFO,46832,262.85,112.58,1704177469,,,,,,,,
2024-01-02 12:07:49,tf,NFO,46832,262.85,112.58,1704177469,,,,,,,,
2024-01-02 12:07:49,tf,NFO,46832,262.90,112.62,1704177469,73356390,262.45,263.00,60,75,,,
2024-01-02 12:07:49,tf,NFO,46832,262.90,112.62,1704177469,73356390,262.45,263.00,60,75,,,
2024-01-02 12:07:50,tf,NFO,46832,263.25,112.90,1704177470,,,,,,,,
2024-01-02 12:07:50,tf,NFO,46832,263.25,112.90,1704177470,,,,,,,,
2024-01-02 12:07:50,tf,NFO,46832,262.75,112.49,1704177470,73360140,262.40,263.05,300,,,,
2024-01-02 12:07:50,tf,NFO,46832,262.75,112.49,1704177470,73360140,262.40,263.05,300,,,,
2024-01-02 12:07:51,tf,NFO,46832,262.90,112.62,1704177471,73360845,262.90,263.40,135,,,,
2024-01-02 12:07:51,tf,NFO,46832,262.90,112.62,1704177471,73360845,262.90,263.40,135,,,,
2024-01-02 12:07:52,tf,NFO,46832,263.40,113.02,1704177472,,,,,,,,
2024-01-02 12:07:52,tf,NFO,46832,263.40,113.02,1704177472,,,,,,,,
2024-01-02 12:07:53,tf,NFO,46832,262.90,112.62,1704177473,,,,,,,,
2024-01-02 12:07:53,tf,NFO,46832,262.90,112.62,1704177473,,,,,,,,
2024-01-02 12:07:53,tf,NFO,46832,264.00,113.51,1704177473,73362150,263.60,264.15,285,270,,,
2024-01-02 12:07:54,tf,NFO,46832,264.20,113.67,1704177474,,,,,,,,
2024-01-02 12:07:55,tf,NFO,46832,264.05,113.55,1704177475,,,,,,,,
2024-01-02 12:07:56,tf,NFO,46832,263.85,113.38,1704177475,73365390,263.90,264.45,15,345,,,
2024-01-02 12:07:56,tf,NFO,46832,263.80,113.34,1704177476,,,,,,,,
2024-01-02 12:07:57,tf,NFO,46832,262.95,112.66,1704177477,73367430,262.40,263.00,315,615,220.59,,
2024-01-02 12:07:57,tf,NFO,46832,262.35,112.17,1704177477,,,,,,,,
2024-01-02 12:07:57,tf,NFO,46832,263.20,112.86,1704177477,73368945,262.45,,540,15,,,
2024-01-02 12:07:58,tf,NFO,46832,262.60,112.37,1704177478,,,,,,,,
2024-01-02 12:07:58,tf,NFO,46832,263.10,112.78,1704177478,73370340,262.55,263.10,195,90,,,
2024-01-02 12:07:59,tf,NFO,46832,261.30,111.32,1704177479,,,,,,,,
2024-01-02 12:07:59,tf,NFO,46832,261.25,111.28,1704177479,73372125,260.90,261.35,120,30,,,
2024-01-02 12:08:00,tf,NFO,46832,262.60,112.37,1704177480,,,,,,,,
2024-01-02 12:08:01,tf,NFO,46832,262.20,112.05,1704177480,73374960,261.85,262.40,165,210,,,
2024-01-02 12:08:01,tf,NFO,46832,262.15,112.01,1704177481,,,,,,,,
2024-01-02 12:08:02,tf,NFO,46832,262.80,112.54,1704177481,73376115,262.25,262.80,210,390,,,
2024-01-02 12:08:02,tf,NFO,46832,262.95,112.66,1704177482,,,,,,,,
2024-01-02 12:08:02,tf,NFO,46832,262.95,112.66,1704177482,,,,,,,,
2024-01-02 12:08:03,tf,NFO,46832,262.90,112.62,1704177483,73377735,262.65,263.20,315,90,,,
2024-01-02 12:08:03,tf,NFO,46832,262.90,112.62,1704177483,73377735,262.65,263.20,315,90,,,
2024-01-02 12:08:03,tf,NFO,46832,263.35,112.98,1704177483,,,,,,,,
2024-01-02 12:08:03,tf,NFO,46832,263.35,112.98,1704177483,,,,,,,,
2024-01-02 12:08:04,tf,NFO,46832,264.35,113.79,1704177483,73379340,264.00,264.35,150,255,,,
2024-01-02 12:08:04,tf,NFO,46832,264.35,113.79,1704177483,73379340,264.00,264.35,150,255,,,
2024-01-02 12:08:04,tf,NFO,46832,264.60,113.99,1704177484,,,,,,,,
2024-01-02 12:08:04,tf,NFO,46832,264.60,113.99,1704177484,,,,,,,,
2024-01-02 12:08:04,tf,NFO,46832,264.95,114.27,1704177484,73380330,264.45,264.95,60,225,,,
2024-01-02 12:08:04,tf,NFO,46832,264.95,114.27,1704177484,73380330,264.45,264.95,60,225,,,
2024-01-02 12:08:05,tf,NFO,46832,265.15,114.44,1704177485,,,,,,,,
2024-01-02 12:08:05,tf,NFO,46832,265.15,114.44,1704177485,,,,,,,,
2024-01-02 12:08:06,tf,NFO,46832,265.70,114.88,1704177485,73387020,265.15,265.75,285,195,220.60,,
2024-01-02 12:08:06,tf,NFO,46832,265.70,114.88,1704177485,73387020,265.15,265.75,285,195,220.60,,
2024-01-02 12:08:06,tf,NFO,46832,263.90,113.42,1704177486,,,,,,,,
2024-01-02 12:08:06,tf,NFO,46832,263.90,113.42,1704177486,,,,,,,,
2024-01-02 12:08:06,tf,NFO,46832,263.70,113.26,1704177486,73388955,263.35,263.90,150,285,,,
2024-01-02 12:08:06,tf,NFO,46832,263.70,113.26,1704177486,73388955,263.35,263.90,150,285,,,
2024-01-02 12:08:07,tf,NFO,46832,263.90,113.42,1704177487,,,,,,,,
2024-01-02 12:08:07,tf,NFO,46832,263.90,113.42,1704177487,,,,,,,,
2024-01-02 12:08:07,tf,NFO,46832,263.50,113.10,1704177487,73390620,263.55,264.10,180,,,,
2024-01-02 12:08:07,tf,NFO,46832,263.50,113.10,1704177487,73390620,263.55,264.10,180,,,,
2024-01-02 12:08:08,tf,NFO,46832,264.50,113.91,1704177488,,,,,,,,
2024-01-02 12:08:08,tf,NFO,46832,264.50,113.91,1704177488,,,,,,,,
2024-01-02 12:08:09,tf,NFO,46832,264.75,114.11,1704177488,73393290,264.20,264.70,345,90,,,
2024-01-02 12:08:09,tf,NFO,46832,264.75,114.11,1704177488,73393290,264.20,264.70,345,90,,,
2024-01-02 12:08:09,tf,NFO,46832,264.85,114.19,1704177489,,,,,,,,
2024-01-02 12:08:09,tf,NFO,46832,264.85,114.19,1704177489,,,,,,,,
2024-01-02 12:08:09,tf,NFO,46832,264.00,113.51,1704177489,73395420,264.15,264.65,225,75,,,
2024-01-02 12:08:09,tf,NFO,46832,264.00,113.51,1704177489,73395420,264.15,264.65,225,75,,,
2024-01-02 12:08:11,tf,NFO,46832,264.90,114.23,1704177491,,,,,,,,
2024-01-02 12:08:11,tf,NFO,46832,264.90,114.23,1704177491,,,,,,,,
2024-01-02 12:08:11,tf,NFO,46832,264.25,113.71,1704177491,73396530,264.25,264.75,75,420,,,
2024-01-02 12:08:11,tf,NFO,46832,264.25,113.71,1704177491,73396530,264.25,264.75,75,420,,,
2024-01-02 12:08:12,tf,NFO,46832,264.30,113.75,1704177492,,,,,,,,
2024-01-02 12:08:12,tf,NFO,46832,264.30,113.75,1704177492,,,,,,,,
2024-01-02 12:08:13,tf,NFO,46832,262.35,112.17,1704177493,,,,,,,,
2024-01-02 12:08:13,tf,NFO,46832,262.35,112.17,1704177493,,,,,,,,
2024-01-02 12:08:13,tf,NFO,46832,261.85,111.77,1704177493,73399860,261.35,261.65,30,270,,,
2024-01-02 12:08:13,tf,NFO,46832,261.85,111.77,1704177493,73399860,261.35,261.65,30,270,,,
2024-01-02 12:08:14,tf,NFO,46832,261.30,111.32,1704177494,,,,,,,,
2024-01-02 12:08:14,tf,NFO,46832,261.30,111.32,1704177494,,,,,,,,
2024-01-02 12:08:14,tf,NFO,46832,261.20,111.24,1704177494,73401765,261.20,261.55,585,15,220.61,,
2024-01-02 12:08:14,tf,NFO,46832,261.20,111.24,1704177494,73401765,261.20,261.55,585,15,220.61,,
2024-01-02 12:08:15,tf,NFO,46832,260.90,111.00,1704177495,,,,,,,,
2024-01-02 12:08:15,tf,NFO,46832,260.90,111.00,1704177495,,,,,,,,
2024-01-02 12:08:15,tf,NFO,46832,260.55,110.72,1704177495,73403730,260.20,260.80,255,225,,,
2024-01-02 12:08:15,tf,NFO,46832,260.55,110.72,1704177495,73403730,260.20,260.80,255,225,,,
2024-01-02 12:08:16,tf,NFO,46832,260.30,110.51,1704177496,,,,,,,,
2024-01-02 12:08:16,tf,NFO,46832,260.30,110.51,1704177496,,,,,,,,
2024-01-02 12:08:17,tf,NFO,46832,260.50,110.68,1704177496,73408275,260.55,261.20,195,330,,,
2024-01-02 12:08:17,tf,NFO,46832,260.50,110.68,1704177496,73408275,260.55,261.20,195,330,,,
2024-01-02 12:08:17,tf,NFO,46832,261.05,111.12,1704177497,,,,,,,,
2024-01-02 12:08:17,tf,NFO,46832,261.05,111.12,1704177497,,,,,,,,
2024-01-02 12:08:18,tf,NFO,46832,261.30,111.32,1704177497,73412355,260.70,261.30,45,255,,,
2024-01-02 12:08:18,tf,NFO,46832,261.30,111.32,1704177497,73412355,260.70,261.30,45,255,,,
2024-01-02 12:08:18,tf,NFO,46832,261.85,111.77,1704177498,,,,,,,,
2024-01-02 12:08:18,tf,NFO,46832,261.85,111.77,1704177498,,,,,,,,
2024-01-02 12:08:18,tf,NFO,46832,261.25,111.28,1704177498,73416900,,261.20,135,195,,,
2024-01-02 12:08:19,tf,NFO,46832,261.25,111.28,1704177498,73416900,,261.20,135,195,,,
2024-01-02 12:08:19,tf,NFO,46832,261.05,111.12,1704177499,,,,,,,,
2024-01-02 12:08:19,tf,NFO,46832,261.05,111.12,1704177499,,,,,,,,
2024-01-02 12:08:19,tf,NFO,46832,260.90,111.00,1704177499,73419930,260.30,260.90,45,435,220.62,,
2024-01-02 12:08:20,tf,NFO,46832,260.90,111.00,1704177499,73419930,260.30,260.90,45,435,220.62,,
2024-01-02 12:08:20,tf,NFO,46832,261.65,111.61,1704177500,,,,,,,,
2024-01-02 12:08:20,tf,NFO,46832,261.65,111.61,1704177500,,,,,,,,
2024-01-02 12:08:21,tf,NFO,46832,260.00,110.27,1704177500,73429260,260.00,260.45,5175,105,,,
2024-01-02 12:08:21,tf,NFO,46832,260.00,110.27,1704177500,73429260,260.00,260.45,5175,105,,,
2024-01-02 12:08:21,tf,NFO,46832,259.20,109.62,1704177501,,,,,,,,
