timestamp,t,e,tk,lp,pc,ft,v,bp1,sp1,bq1,sq1,ap,oi,h,_id
2024-01-15 10:17:06,tf,NFO,35510,237.70,35.10,1705294026,,,,,,,,,
2024-01-15 10:17:06,tf,NFO,35510,237.95,35.24,1705294026,36198300,238.15,238.60,90,90,,,,
2024-01-15 10:17:07,tf,NFO,35510,238.20,35.38,1705294027,,,,,,,,,
2024-01-15 10:17:07,tf,NFO,35510,238.00,35.27,1705294027,36200325,237.65,238.10,450,75,,,,
2024-01-15 10:17:08,tf,NFO,35510,237.85,35.18,1705294028,,,,,,,,,
2024-01-15 10:17:08,tf,NFO,35510,238.05,35.29,1705294028,36202680,237.70,238.20,1185,360,,,,
2024-01-15 10:17:09,tf,NFO,35510,238.15,35.35,1705294029,,,,,,,,,
2024-01-15 10:17:09,tf,NFO,35510,237.75,35.12,1705294029,36203655,,238.15,765,405,,,,
2024-01-15 10:17:10,tf,NFO,35510,237.80,35.15,1705294030,,,,,,,,,
2024-01-15 10:17:10,tf,NFO,35510,238.95,35.81,1705294030,36208950,238.40,238.80,150,75,267.54,,,
2024-01-15 10:17:11,tf,NFO,35510,238.40,35.49,1705294031,,,,,,,,,
2024-01-15 10:17:12,tf,NFO,35510,238.35,35.46,1705294031,36211485,238.35,238.85,570,60,,,,
2024-01-15 10:17:12,tf,NFO,35510,238.75,35.69,1705294032,,,,,,,,,
2024-01-15 10:17:12,tf,NFO,35510,239.45,36.09,1705294032,36213810,239.35,239.65,75,300,,,,
2024-01-15 10:17:13,tf,NFO,35510,239.20,35.95,1705294033,,,,,,,,,
2024-01-15 10:17:13,tf,NFO,35510,238.45,35.52,1705294033,36219555,238.05,238.45,30,30,,,,
2024-01-15 10:17:14,tf,NFO,35510,237.00,34.70,1705294034,,,,,,,,,
2024-01-15 10:17:15,tf,NFO,35510,238.60,35.61,1705294035,36230565,238.15,238.60,450,135,267.53,,,
2024-01-15 10:17:15,tf,NFO,35510,238.10,35.32,1705294035,,,,,,,,,
2024-01-15 10:17:16,tf,NFO,35510,238.55,35.58,1705294036,36231825,238.45,238.90,225,375,,,,
2024-01-15 10:17:16,tf,NFO,35510,238.90,35.78,1705294036,,,,,,,,,
2024-01-15 10:17:16,tf,NFO,35510,239.65,36.20,1705294036,36233610,239.20,239.60,30,315,267.52,,,
2024-01-15 10:17:17,tf,NFO,35510,239.25,35.98,1705294037,,,,,,,,,
2024-01-15 10:17:17,tf,NFO,35510,239.05,35.86,1705294037,36234390,238.85,239.05,,195,,,,
2024-01-15 10:17:18,tf,NFO,35510,238.45,35.52,1705294038,,,,,,,,,
2024-01-15 10:17:18,tf,NFO,35510,238.65,35.64,1705294038,36234990,238.30,238.70,225,60,,,,
2024-01-15 10:17:19,tf,NFO,35510,238.20,35.38,1705294039,,,,,,,,,
2024-01-15 10:17:19,tf,NFO,35510,238.70,35.66,1705294039,36238560,238.40,238.85,195,45,,,,
2024-01-15 10:17:20,tf,NFO,35510,239.00,35.83,1705294040,,,,,,,,,
2024-01-15 10:17:20,tf,NFO,35510,238.90,35.78,1705294040,36241635,,238.90,450,270,,,,
2024-01-15 10:17:21,tf,NFO,35510,237.70,35.10,1705294041,,,,,,,,,
2024-01-15 10:17:22,tf,NFO,35510,238.00,35.27,1705294042,,,,,,,,,
2024-01-15 10:17:22,tf,NFO,35510,238.40,35.49,1705294042,36248370,237.75,238.20,90,30,,,,
2024-01-15 10:17:23,tf,NFO,35510,237.50,34.98,1705294043,,,,,,,,,
2024-01-15 10:17:23,tf,NFO,35510,237.95,35.24,1705294043,36249630,237.50,237.95,345,75,,,,
2024-01-15 10:17:24,tf,NFO,35510,237.65,35.07,1705294044,,,,,,,,,
2024-01-15 10:17:24,tf,NFO,35510,238.05,35.29,1705294044,36250320,,238.00,225,405,,,,
2024-01-15 10:17:25,tf,NFO,35510,236.95,34.67,1705294045,,,,,,,,,
2024-01-15 10:17:25,tf,NFO,35510,237.05,34.73,1705294045,36251985,237.00,237.55,615,15,,,,
2024-01-15 10:17:26,tf,NFO,35510,236.85,34.61,1705294046,,,,,,,,,
2024-01-15 10:17:26,tf,NFO,35510,235.10,33.62,1705294046,36254685,235.10,235.30,210,195,,,,
2024-01-15 10:17:27,tf,NFO,35510,235.30,33.73,1705294047,,,,,,,,,
2024-01-15 10:17:27,tf,NFO,35510,235.10,33.62,1705294047,36264855,235.05,235.55,375,480,267.50,,,
2024-01-15 10:17:28,tf,NFO,35510,236.85,34.61,1705294048,,,,,,,,,
2024-01-15 10:17:28,tf,NFO,35510,236.10,34.19,1705294048,36267585,236.70,237.10,30,180,,,,
2024-01-15 10:17:29,tf,NFO,35510,236.25,34.27,1705294049,,,,,,,,,
2024-01-15 10:17:29,tf,NFO,35510,236.95,34.67,1705294049,36269895,236.60,237.00,75,15,267.49,,,
2024-01-15 10:17:30,tf,NFO,35510,237.50,34.98,1705294050,,,,,,,,,
2024-01-15 10:17:30,tf,NFO,35510,237.45,34.95,1705294050,36270765,237.25,237.75,435,240,,,,
2024-01-15 10:17:31,tf,NFO,35510,237.35,34.90,1705294051,,,,,,,,,
2024-01-15 10:17:31,tf,NFO,35510,235.85,34.04,1705294051,36273885,235.40,235.85,120,180,,,,
2024-01-15 10:17:32,tf,NFO,35510,234.30,33.16,1705294052,,,,,,,,,
2024-01-15 10:17:32,tf,NFO,35510,232.55,32.17,1705294052,36284145,232.45,232.85,285,75,267.48,,,
2024-01-15 10:17:33,tf,NFO,35510,232.70,32.25,1705294053,,,,,,,,,
2024-01-15 10:17:33,tf,NFO,35510,232.75,32.28,1705294053,36295275,232.35,232.75,15,480,267.47,,,
2024-01-15 10:17:34,tf,NFO,35510,233.05,32.45,1705294054,,,,,,,,,
2024-01-15 10:17:34,tf,NFO,35510,232.55,32.17,1705294054,36301485,232.80,233.25,240,60,267.46,,,
2024-01-15 10:17:35,tf,NFO,35510,233.10,32.48,1705294055,,,,,,,,,
2024-01-15 10:17:35,tf,NFO,35510,233.95,32.96,1705294055,36305175,233.65,234.10,,180,,,,
2024-01-15 10:17:36,tf,NFO,35510,234.55,33.30,1705294056,,,,,,,,,
2024-01-15 10:17:36,tf,NFO,35510,234.20,33.11,1705294056,36306135,233.55,234.00,105,495,,,,
2024-01-15 10:17:37,tf,NFO,35510,233.95,32.96,1705294057,,,,,,,,,
2024-01-15 10:17:37,tf,NFO,35510,233.60,32.76,1705294057,36308820,233.40,233.80,,60,,,,
2024-01-15 10:17:38,tf,NFO,35510,233.50,32.71,1705294058,,,,,,,4703055,,
2024-01-15 10:17:38,tf,NFO,35510,233.95,32.96,1705294058,36310215,234.15,234.50,,15,,,,
2024-01-15 10:17:39,tf,NFO,35510,234.00,32.99,1705294059,,,,,,,,,
2024-01-15 10:17:39,tf,NFO,35510,234.05,33.02,1705294059,36312360,234.20,234.60,,90,267.45,,,
2024-01-15 10:17:40,tf,NFO,35510,234.20,33.11,1705294060,,,,,,,,,
2024-01-15 10:17:40,tf,NFO,35510,234.35,33.19,1705294060,36314100,233.90,234.35,300,60,,,,
2024-01-15 10:17:41,tf,NFO,35510,235.00,33.56,1705294061,36315450,234.30,234.75,120,225,,,,
2024-01-15 10:17:42,tf,NFO,35510,234.30,33.16,1705294062,,,,,,,,,
2024-01-15 10:17:42,tf,NFO,35510,234.75,33.42,1705294062,36316305,234.75,235.20,15,270,,,,
2024-01-15 10:17:43,tf,NFO,35510,234.40,33.22,1705294063,,,,,,,,,
2024-01-15 10:17:43,tf,NFO,35510,234.70,33.39,1705294063,36319485,234.80,235.25,75,180,,,,
2024-01-15 10:17:44,tf,NFO,35510,235.30,33.73,1705294064,,,,,,,,,
2024-01-15 10:17:44,tf,NFO,35510,236.10,34.19,1705294064,36320460,235.40,235.85,195,15,,,,
2024-01-15 10:17:45,tf,NFO,35510,235.55,33.87,1705294065,,,,,,,,,
2024-01-15 10:17:45,tf,NFO,35510,235.45,33.82,1705294065,36325260,234.85,235.30,120,120,267.44,,,
2024-01-15 10:17:46,tf,NFO,35510,235.15,33.65,1705294066,36327180,235.05,235.35,195,45,,,,
2024-01-15 10:17:47,tf,NFO,35510,235.00,33.56,1705294067,,,,,,,,,
2024-01-15 10:17:47,tf,NFO,35510,235.45,33.82,1705294067,36328890,234.75,235.10,15,105,,,,
2024-01-15 10:17:48,tf,NFO,35510,234.35,33.19,1705294068,,,,,,,,,
2024-01-15 10:17:48,tf,NFO,35510,235.00,33.56,1705294068,36332175,235.00,235.30,,240,,,,
2024-01-15 10:17:49,tf,NFO,35510,234.50,33.28,1705294069,,,,,,,,,
2024-01-15 10:17:49,tf,NFO,35510,234.15,33.08,1705294069,36334275,234.05,234.50,,375,267.43,,,
2024-01-15 10:17:50,tf,NFO,35510,234.55,33.30,1705294070,,,,,,,,,
2024-01-15 10:17:50,tf,NFO,35510,234.50,33.28,1705294070,36335865,234.50,234.95,,105,,,,
2024-01-15 10:17:51,tf,NFO,35510,235.15,33.65,1705294071,,,,,,,,,
2024-01-15 10:17:51,tf,NFO,35510,234.55,33.30,1705294071,36336900,234.55,235.00,375,30,,,,
2024-01-15 10:17:52,tf,NFO,35510,234.60,33.33,1705294072,,,,,,,,,
2024-01-15 10:17:52,tf,NFO,35510,234.75,33.42,1705294072,36339150,234.25,234.75,135,240,,,,
2024-01-15 10:17:53,tf,NFO,35510,234.20,33.11,1705294073,,,,,,,,,
2024-01-15 10:17:53,tf,NFO,35510,234.45,33.25,1705294073,36343605,234.10,234.45,240,30,,,,
2024-01-15 10:17:54,tf,NFO,35510,234.25,33.13,1705294074,,,,,,,,,
2024-01-15 10:17:54,tf,NFO,35510,234.10,33.05,1705294074,36347190,234.05,,165,15,267.42,,,
2024-01-15 10:17:55,tf,NFO,35510,234.75,33.42,1705294075,,,,,,,,,
2024-01-15 10:17:55,tf,NFO,35510,235.00,33.56,1705294075,36351630,234.95,235.40,255,210,,,,
2024-01-15 10:17:56,tf,NFO,35510,235.20,33.67,1705294076,,,,,,,,,
2024-01-15 10:17:56,tf,NFO,35510,236.20,34.24,1705294076,36356235,235.15,235.65,315,405,267.41,,,
2024-01-15 10:17:57,tf,NFO,35510,236.40,34.36,1705294077,,,,,,,,,
2024-01-15 10:17:57,tf,NFO,35510,237.35,34.90,1705294077,36359445,236.80,237.15,195,165,,,,
2024-01-15 10:17:58,tf,NFO,35510,237.00,34.70,1705294078,,,,,,,,,
2024-01-15 10:17:58,tf,NFO,35510,237.50,34.98,1705294078,36362010,237.30,237.75,420,30,,,,
2024-01-15 10:17:59,tf,NFO,35510,239.55,36.15,1705294079,,,,,,,,,
2024-01-15 10:17:59,tf,NFO,35510,238.25,35.41,1705294079,36367980,238.35,238.80,240,165,267.40,,,
2024-01-15 10:18:00,tf,NFO,35510,238.65,35.64,1705294080,,,,,,,,,
2024-01-15 10:18:00,tf,NFO,35510,238.35,35.46,1705294080,36371145,238.10,238.50,195,30,,,,
2024-01-15 10:18:01,tf,NFO,35510,238.90,35.78,1705294081,,,,,,,,,
2024-01-15 10:18:01,tf,NFO,35510,237.65,35.07,1705294081,36372840,237.75,238.25,210,570,,,,
2024-01-15 10:18:02,tf,NFO,35510,237.10,34.75,1705294082,,,,,,,,,
2024-01-15 10:18:02,tf,NFO,35510,236.10,34.19,1705294082,36374910,235.90,236.40,90,255,,,,
2024-01-15 10:18:03,tf,NFO,35510,235.80,34.02,1705294083,,,,,,,,,
2024-01-15 10:18:03,tf,NFO,35510,236.35,34.33,1705294083,36375360,236.50,236.90,,90,,,,
2024-01-15 10:18:04,tf,NFO,35510,236.60,34.47,1705294084,,,,,,,,,
2024-01-15 10:18:04,tf,NFO,35510,237.15,34.78,1705294084,36376005,236.85,237.25,60,255,,,,
2024-01-15 10:18:05,tf,NFO,35510,237.00,34.70,1705294085,,,,,,,,,
2024-01-15 10:18:05,tf,NFO,35510,236.70,34.53,1705294085,36377730,237.25,237.65,,105,,,,
2024-01-15 10:18:06,tf,NFO,35510,237.45,34.95,1705294086,,,,,,,,,
2024-01-15 10:18:06,tf,NFO,35510,237.65,35.07,1705294086,36379920,237.65,237.70,180,15,,,,
2024-01-15 10:18:07,tf,NFO,35510,237.95,35.24,1705294087,,,,,,,,,
2024-01-15 10:18:07,tf,NFO,35510,238.30,35.44,1705294087,36380445,237.85,238.30,210,105,267.39,,,
2024-01-15 10:18:08,tf,NFO,35510,237.75,35.12,1705294088,,,,,,,,,
2024-01-15 10:18:08,tf,NFO,35510,237.55,35.01,1705294088,36382605,237.45,237.95,495,540,,,,
2024-01-15 10:18:09,tf,NFO,35510,238.10,35.32,1705294089,,,,,,,,,
2024-01-15 10:18:09,tf,NFO,35510,238.00,35.27,1705294089,36385950,237.55,,360,15,,,,
2024-01-15 10:18:10,tf,NFO,35510,238.50,35.55,1705294090,,,,,,,,,
2024-01-15 10:18:10,tf,NFO,35510,238.90,35.78,1705294090,36399300,238.15,238.60,180,180,267.38,,,
2024-01-15 10:18:11,tf,NFO,35510,238.80,35.72,1705294091,,,,,,,,,
2024-01-15 10:18:11,tf,NFO,35510,237.80,35.15,1705294091,36399975,237.85,238.15,255,15,,,,
2024-01-15 10:18:12,tf,NFO,35510,237.85,35.18,1705294092,,,,,,,,,
2024-01-15 10:18:12,tf,NFO,35510,237.10,34.75,1705294092,36410085,236.75,237.25,120,30,267.37,,,
2024-01-15 10:18:13,tf,NFO,35510,237.70,35.10,1705294093,36410730,237.40,237.85,225,180,,,,
2024-01-15 10:18:14,tf,NFO,35510,237.40,34.92,1705294094,,,,,,,,,
2024-01-15 10:18:14,tf,NFO,35510,237.35,34.90,1705294094,36412605,237.35,237.80,15,,,,,
2024-01-15 10:18:15,tf,NFO,35510,237.45,34.95,1705294095,,,,,,,,,
2024-01-15 10:18:16,tf,NFO,35510,238.50,35.55,1705294096,36414180,238.50,238.75,300,15,,,,
2024-01-15 10:18:17,tf,NFO,35510,239.20,35.95,1705294097,36415620,239.15,239.45,180,585,,,,
2024-01-15 10:18:17,tf,NFO,35510,238.90,35.78,1705294097,,,,,,,,,
2024-01-15 10:18:18,tf,NFO,35510,238.50,35.55,1705294098,36417615,238.20,238.50,330,90,267.36,,,
2024-01-15 10:18:18,tf,NFO,35510,238.65,35.64,1705294098,,,,,,,,,
2024-01-15 10:18:19,tf,NFO,35510,239.05,35.86,1705294099,36419775,238.90,239.35,15,75,,,,
2024-01-15 10:18:19,tf,NFO,35510,238.65,35.64,1705294099,,,,,,,,,
2024-01-15 10:18:19,tf,NFO,35510,238.70,35.66,1705294099,36420390,238.85,239.30,60,465,,,,
2024-01-15 10:18:20,tf,NFO,35510,238.85,35.75,1705294100,,,,,,,,,
2024-01-15 10:18:20,tf,NFO,35510,239.20,35.95,1705294100,36422760,238.45,238.95,270,570,,,,
2024-01-15 10:18:21,tf,NFO,35510,238.10,35.32,1705294101,,,,,,,,,
2024-01-15 10:18:21,tf,NFO,35510,238.95,35.81,1705294101,36424125,238.50,238.85,210,30,,,,
2024-01-15 10:18:22,tf,NFO,35510,238.80,35.72,1705294102,,,,,,,,,
2024-01-15 10:18:22,tf,NFO,35510,238.05,35.29,1705294102,36425925,238.15,238.40,15,45,,,,
2024-01-15 10:18:23,tf,NFO,35510,237.85,35.18,1705294103,,,,,,,,,
2024-01-15 10:18:23,tf,NFO,35510,237.20,34.81,1705294103,36427275,237.10,237.30,75,15,,,,
2024-01-15 10:18:24,tf,NFO,35510,236.20,34.24,1705294104,36429570,236.20,236.65,120,240,,,,
2024-01-15 10:18:25,tf,NFO,35510,237.45,34.95,1705294105,,,,,,,,,
2024-01-15 10:18:26,tf,NFO,35510,238.85,35.75,1705294106,,,,,,,,,
2024-01-15 10:18:26,tf,NFO,35510,239.05,35.86,1705294106,36432930,238.50,239.00,120,315,,,,
2024-01-15 10:18:27,tf,NFO,35510,238.85,35.75,1705294107,,,,,,,,,
2024-01-15 10:18:27,tf,NFO,35510,239.45,36.09,1705294107,36433620,239.00,239.40,90,210,,,,
2024-01-15 10:18:28,tf,NFO,35510,238.85,35.75,1705294108,,,,,,,,,
2024-01-15 10:18:28,tf,NFO,35510,238.70,35.66,1705294108,36435930,238.75,239.15,30,450,,,,
2024-01-15 10:18:29,tf,NFO,35510,239.35,36.03,1705294109,,,,,,,,,
2024-01-15 10:18:29,tf,NFO,35510,239.65,36.20,1705294109,36436935,239.35,239.65,,195,,,,
2024-01-15 10:18:30,tf,NFO,35510,239.25,35.98,1705294110,,,,,,,,,
2024-01-15 10:18:30,tf,NFO,35510,238.55,35.58,1705294110,36439815,238.55,239.10,210,405,,,,
2024-01-15 10:18:31,tf,NFO,35510,238.70,35.66,1705294111,,,,,,,,,
2024-01-15 10:18:31,tf,NFO,35510,239.95,36.37,1705294111,36440460,239.65,239.95,90,270,,,,
2024-01-15 10:18:32,tf,NFO,35510,239.75,36.26,1705294112,,,,,,,,,
2024-01-15 10:18:32,tf,NFO,35510,239.10,35.89,1705294112,36448140,239.10,239.60,555,90,267.34,,,
2024-01-15 10:18:33,tf,NFO,35510,239.00,35.83,1705294113,,,,,,,,,
2024-01-15 10:18:33,tf,NFO,35510,240.00,36.40,1705294113,36449055,239.70,240.20,90,210,,,,
2024-01-15 10:18:34,tf,NFO,35510,241.45,37.23,1705294114,,,,,,,,,
2024-01-15 10:18:34,tf,NFO,35510,241.10,37.03,1705294114,36453525,240.65,241.10,240,135,,,,
2024-01-15 10:18:35,tf,NFO,35510,240.95,36.94,1705294115,,,,,,,,,
2024-01-15 10:18:35,tf,NFO,35510,241.20,37.08,1705294115,36456960,240.85,241.40,15,375,267.33,,,
2024-01-15 10:18:36,tf,NFO,35510,240.65,36.77,1705294116,,,,,,,,,
2024-01-15 10:18:37,tf,NFO,35510,241.25,37.11,1705294116,36458205,241.25,241.70,285,165,,,,
2024-01-15 10:18:37,tf,NFO,35510,241.70,37.37,1705294117,,,,,,,,,
2024-01-15 10:18:37,tf,NFO,35510,241.10,37.03,1705294117,36461355,240.70,241.10,240,210,,,,
2024-01-15 10:18:38,tf,NFO,35510,240.85,36.89,1705294118,,,,,,,,,
2024-01-15 10:18:38,tf,NFO,35510,241.40,37.20,1705294118,36465465,241.00,241.45,15,195,,,,
2024-01-15 10:18:39,tf,NFO,35510,241.60,37.31,1705294119,,,,,,,,,
2024-01-15 10:18:39,tf,NFO,35510,241.30,37.14,1705294119,36467085,241.30,241.75,225,75,,,,
2024-01-15 10:18:40,tf,NFO,35510,242.95,38.08,1705294120,,,,,,,,,
2024-01-15 10:18:40,tf,NFO,35510,242.60,37.88,1705294120,36474285,242.65,243.00,90,3060,267.32,,,
2024-01-15 10:18:41,tf,NFO,35510,242.30,37.71,1705294121,,,,,,,,,
2024-01-15 10:18:42,tf,NFO,35510,241.95,37.51,1705294122,,,,,,,,,
2024-01-15 10:18:42,tf,NFO,35510,242.70,37.94,1705294122,36480810,242.30,242.85,270,525,,,,
2024-01-15 10:18:43,tf,NFO,35510,242.50,37.82,1705294123,,,,,,,,,
2024-01-15 10:18:43,tf,NFO,35510,242.20,37.65,1705294123,36483015,242.00,242.35,150,240,,,,
2024-01-15 10:18:44,tf,NFO,35510,242.10,37.60,1705294124,,,,,,,,,
2024-01-15 10:18:44,tf,NFO,35510,241.00,36.97,1705294124,36488040,240.65,241.00,30,345,267.31,,,
2024-01-15 10:18:45,tf,NFO,35510,241.65,37.34,1705294125,,,,,,,,,
2024-01-15 10:18:45,tf,NFO,35510,241.40,37.20,1705294125,36490470,240.95,241.40,75,,,,,
2024-01-15 10:18:46,tf,NFO,35510,240.05,36.43,1705294126,,,,,,,,,
2024-01-15 10:18:46,tf,NFO,35510,240.50,36.69,1705294126,36494220,240.60,241.00,30,285,,,,
2024-01-15 10:18:47,tf,NFO,35510,241.10,37.03,1705294127,,,,,,,,,
2024-01-15 10:18:47,tf,NFO,35510,241.15,37.06,1705294127,36496410,240.15,240.60,390,30,,,,
2024-01-15 10:18:48,tf,NFO,35510,239.60,36.18,1705294128,,,,,,,,,
2024-01-15 10:18:48,tf,NFO,35510,240.45,36.66,1705294128,36499575,240.00,240.45,540,225,267.30,,,
2024-01-15 10:18:49,tf,NFO,35510,239.85,36.32,1705294129,,,,,,,,,
2024-01-15 10:18:49,tf,NFO,35510,240.60,36.74,1705294129,36502905,239.95,,135,135,,,,
2024-01-15 10:18:50,tf,NFO,35510,241.15,37.06,1705294130,,,,,,,,,
2024-01-15 10:18:50,tf,NFO,35510,240.30,36.57,1705294130,36507105,240.35,240.85,15,765,,,,
2024-01-15 10:18:51,tf,NFO,35510,240.40,36.63,1705294131,,,,,,,,,
2024-01-15 10:18:51,tf,NFO,35510,241.65,37.34,1705294131,36510720,241.05,241.55,150,555,,,,
2024-01-15 10:18:52,tf,NFO,35510,241.15,37.06,1705294132,,,,,,,,,
2024-01-15 10:18:53,tf,NFO,35510,241.00,36.97,1705294133,,,,,,,,,
2024-01-15 10:18:53,tf,NFO,35510,241.15,37.06,1705294133,36514965,240.65,241.15,240,120,,,,
2024-01-15 10:18:54,tf,NFO,35510,241.10,37.03,1705294134,,,,,,,,,
2024-01-15 10:18:54,tf,NFO,35510,240.80,36.86,1705294134,36521865,240.50,240.95,285,300,,,,
2024-01-15 10:18:55,tf,NFO,35510,241.15,37.06,1705294135,,,,,,,,,
2024-01-15 10:18:55,tf,NFO,35510,240.70,36.80,1705294135,36529605,240.15,240.60,225,120,267.28,,,
2024-01-15 10:18:56,tf,NFO,35510,241.10,37.03,1705294136,,,,,,,,,
2024-01-15 10:18:56,tf,NFO,35510,241.15,37.06,1705294136,36531270,241.10,241.60,510,225,,,,
2024-01-15 10:18:57,tf,NFO,35510,241.60,37.31,1705294137,,,,,,,,,
2024-01-15 10:18:57,tf,NFO,35510,240.85,36.89,1705294137,36532320,240.40,240.70,375,120,,,,
2024-01-15 10:18:58,tf,NFO,35510,240.60,36.74,1705294138,,,,,,,,,
2024-01-15 10:18:58,tf,NFO,35510,241.60,37.31,1705294138,36534195,240.95,241.35,180,75,,,,
2024-01-15 10:18:59,tf,NFO,35510,242.40,37.77,1705294139,,,,,,,,,
2024-01-15 10:18:59,tf,NFO,35510,242.35,37.74,1705294139,36542055,241.95,242.40,630,165,267.27,,,
2024-01-15 10:19:00,tf,NFO,35510,241.05,37.00,1705294140,,,,,,,,,
2024-01-15 10:19:00,tf,NFO,35510,241.60,37.31,1705294140,36544155,241.10,241.55,225,,,,,
2024-01-15 10:19:01,tf,NFO,35510,241.00,36.97,1705294141,,,,,,,,,
2024-01-15 10:19:01,tf,NFO,35510,241.20,37.08,1705294141,36545865,241.15,241.45,45,285,,,,
2024-01-15 10:19:02,tf,NFO,35510,241.60,37.31,1705294142,,,,,,,,,
2024-01-15 10:19:03,tf,NFO,35510,242.55,37.85,1705294143,,,,,,,,,
2024-01-15 10:19:04,tf,NFO,35510,242.30,37.71,1705294144,,,,,,,,,
2024-01-15 10:19:04,tf,NFO,35510,242.60,37.88,1705294144,36556215,242.25,242.70,300,150,267.26,,,
2024-01-15 10:19:05,tf,NFO,35510,242.90,38.05,1705294145,,,,,,,,,
2024-01-15 10:19:05,tf,NFO,35510,242.40,37.77,1705294145,36562215,242.45,242.90,90,90,,,,
2024-01-15 10:19:06,tf,NFO,35510,242.90,38.05,1705294146,,,,,,,,,
2024-01-15 10:19:06,tf,NFO,35510,244.05,38.70,1705294146,36568500,243.45,243.90,645,105,,,,
2024-01-15 10:19:07,tf,NFO,35510,244.15,38.76,1705294147,,,,,,,,,
2024-01-15 10:19:08,tf,NFO,35510,244.50,38.96,1705294148,36570645,244.55,245.00,195,6255,267.25,,,
2024-01-15 10:19:08,tf,NFO,35510,244.70,39.07,1705294148,,,,,,,,,
2024-01-15 10:19:09,tf,NFO,35510,244.65,39.05,1705294149,,,,,,,,,
2024-01-15 10:19:09,tf,NFO,35510,244.30,38.85,1705294149,36580680,243.80,244.25,195,15,,,,
2024-01-15 10:19:10,tf,NFO,35510,244.85,39.16,1705294150,,,,,,,,,
2024-01-15 10:19:11,tf,NFO,35510,245.15,39.33,1705294151,36590835,245.00,245.35,75,,267.24,,,
2024-01-15 10:19:11,tf,NFO,35510,245.45,39.50,1705294151,,,,,,,,,
2024-01-15 10:19:11,tf,NFO,35510,247.10,40.44,1705294151,36598035,246.65,247.10,315,120,,,,
2024-01-15 10:19:12,tf,NFO,35510,247.05,40.41,1705294152,,,,,,,,,
2024-01-15 10:19:12,tf,NFO,35510,247.10,40.44,1705294152,36603195,246.60,246.80,225,15,,,,
2024-01-15 10:19:13,tf,NFO,35510,246.40,40.04,1705294153,36608850,246.05,246.40,150,,267.23,,,
2024-01-15 10:19:14,tf,NFO,35510,246.30,39.98,1705294154,,,,,,,,,
2024-01-15 10:19:15,tf,NFO,35510,245.75,39.67,1705294155,,,,,,,,,
2024-01-15 10:19:15,tf,NFO,35510,245.95,39.78,1705294155,36618885,245.50,245.90,150,45,,,,
2024-01-15 10:19:16,tf,NFO,35510,246.30,39.98,1705294156,,,,,,,,,
2024-01-15 10:19:16,tf,NFO,35510,246.45,40.07,1705294156,36623160,246.65,246.90,15,60,267.22,,,
2024-01-15 10:19:17,tf,NFO,35510,247.25,40.52,1705294157,,,,,,,,,
2024-01-15 10:19:17,tf,NFO,35510,247.10,40.44,1705294157,36629805,246.55,,120,270,,,,
2024-01-15 10:19:18,tf,NFO,35510,246.60,40.15,1705294158,,,,,,,,,
2024-01-15 10:19:19,tf,NFO,35510,246.00,39.81,1705294159,36636450,245.70,246.15,30,450,,,,
2024-01-15 10:19:19,tf,NFO,35510,245.75,39.67,1705294159,,,,,,,,,
2024-01-15 10:19:20,tf,NFO,35510,245.70,39.64,1705294159,36640560,245.45,245.70,,30,267.21,,,
2024-01-15 10:19:20,tf,NFO,35510,245.15,39.33,1705294160,,,,,,,,,
2024-01-15 10:19:21,tf,NFO,35510,244.05,38.70,1705294161,36647490,244.10,244.35,60,45,,,,
2024-01-15 10:19:21,tf,NFO,35510,244.00,38.68,1705294161,,,,,,,,,
2024-01-15 10:19:22,tf,NFO,35510,244.30,38.85,1705294162,,,,,,,,,
2024-01-15 10:19:22,tf,NFO,35510,244.60,39.02,1705294162,36652020,244.35,244.60,30,,,,,
2024-01-15 10:19:22,tf,NFO,35510,244.50,38.96,1705294162,36653235,,,,,,,,
2024-01-15 10:19:23,tf,NFO,35510,244.80,39.13,1705294163,,,,,,,,,
2024-01-15 10:19:23,tf,NFO,35510,245.10,39.30,1705294163,36658215,245.15,245.45,,30,267.20,,,
2024-01-15 10:19:24,tf,NFO,35510,246.00,39.81,1705294164,,,,,,,,,
2024-01-15 10:19:24,tf,NFO,35510,245.85,39.73,1705294164,36661005,245.85,246.20,45,135,,,,
2024-01-15 10:19:25,tf,NFO,35510,245.95,39.78,1705294165,,,,,,,,,
2024-01-15 10:19:25,tf,NFO,35510,245.95,39.78,1705294165,,,,,,,,,
2024-01-15 10:19:25,tf,NFO,35510,246.30,39.98,1705294165,36665610,,246.30,225,90,,,,
2024-01-15 10:19:25,tf,NFO,35510,246.30,39.98,1705294165,36665610,,246.30,225,90,,,,
2024-01-15 10:19:26,tf,NFO,35510,246.35,40.01,1705294166,,,,,,,,,
2024-01-15 10:19:26,tf,NFO,35510,246.35,40.01,1705294166,,,,,,,,,
2024-01-15 10:19:26,tf,NFO,35510,246.30,39.98,1705294166,36669945,246.25,246.55,255,15,,,,
2024-01-15 10:19:26,tf,NFO,35510,246.30,39.98,1705294166,36669945,246.25,246.55,255,15,,,,
2024-01-15 10:19:27,tf,NFO,35510,247.35,40.58,1705294167,,,,,,,,,
2024-01-15 10:19:27,tf,NFO,35510,247.35,40.58,1705294167,,,,,,,,,
2024-01-15 10:19:28,tf,NFO,35510,247.65,40.75,1705294168,36677175,247.35,247.60,15,135,267.19,,,
2024-01-15 10:19:28,tf,NFO,35510,247.65,40.75,1705294168,36677175,247.35,247.60,15,135,267.19,,,
2024-01-15 10:19:28,tf,NFO,35510,246.85,40.30,1705294168,,,,,,,,,
2024-01-15 10:19:28,tf,NFO,35510,246.85,40.30,1705294168,,,,,,,,,
2024-01-15 10:19:29,tf,NFO,35510,246.25,39.95,1705294169,36682290,246.30,246.35,,90,,,,
2024-01-15 10:19:29,tf,NFO,35510,246.25,39.95,1705294169,36682290,246.30,246.35,,90,,,,
2024-01-15 10:19:29,tf,NFO,35510,245.70,39.64,1705294169,,,,,,,,,
2024-01-15 10:19:29,tf,NFO,35510,245.70,39.64,1705294169,,,,,,,,,
2024-01-15 10:19:30,tf,NFO,35510,245.80,39.70,1705294170,36686550,245.90,246.25,,135,,,,
2024-01-15 10:19:30,tf,NFO,35510,245.80,39.70,1705294170,36686550,245.90,246.25,,135,,,,
2024-01-15 10:19:30,tf,NFO,35510,246.20,39.93,1705294170,,,,,,,,,
2024-01-15 10:19:30,tf,NFO,35510,246.20,39.93,1705294170,,,,,,,,,
2024-01-15 10:19:30,tf,NFO,35510,247.25,40.52,1705294170,36690555,246.90,247.25,,15,,,,
2024-01-15 10:19:30,tf,NFO,35510,247.25,40.52,1705294170,36690555,246.90,247.25,,15,,,,
2024-01-15 10:19:31,tf,NFO,35510,246.75,40.24,1705294171,,,,,,,,,
2024-01-15 10:19:31,tf,NFO,35510,246.75,40.24,1705294171,,,,,,,,,
2024-01-15 10:19:31,tf,NFO,35510,247.10,40.44,1705294171,36697815,246.85,247.10,,135,267.18,,,
2024-01-15 10:19:31,tf,NFO,35510,247.10,40.44,1705294171,36697815,246.85,247.10,,135,267.18,,,
2024-01-15 10:19:32,tf,NFO,35510,247.70,40.78,1705294172,,,,,,,,,
2024-01-15 10:19:32,tf,NFO,35510,247.70,40.78,1705294172,,,,,,,,,
2024-01-15 10:19:32,tf,NFO,35510,247.15,40.47,1705294172,36705450,246.70,247.25,390,75,,,,
2024-01-15 10:19:32,tf,NFO,35510,247.15,40.47,1705294172,36705450,246.70,247.25,390,75,,,,
2024-01-15 10:19:33,tf,NFO,35510,247.00,40.38,1705294173,,,,,,,,,
2024-01-15 10:19:33,tf,NFO,35510,247.00,40.38,1705294173,,,,,,,,,
2024-01-15 10:19:33,tf,NFO,35510,246.80,40.27,1705294173,36709050,246.40,246.80,30,60,,,,
2024-01-15 10:19:33,tf,NFO,35510,246.80,40.27,1705294173,36709050,246.40,246.80,30,60,,,,
2024-01-15 10:19:34,tf,NFO,35510,246.85,40.30,1705294174,,,,,,,,,
2024-01-15 10:19:34,tf,NFO,35510,246.85,40.30,1705294174,,,,,,,,,
2024-01-15 10:19:35,tf,NFO,35510,247.45,40.64,1705294175,36717015,247.45,247.70,60,45,267.17,,,
2024-01-15 10:19:35,tf,NFO,35510,247.45,40.64,1705294175,36717015,247.45,247.70,60,45,267.17,,,
2024-01-15 10:19:35,tf,NFO,35510,247.15,40.47,1705294175,,,,,,,,,
2024-01-15 10:19:35,tf,NFO,35510,247.15,40.47,1705294175,,,,,,,,,
2024-01-15 10:19:36,tf,NFO,35510,245.85,39.73,1705294176,36723795,245.85,246.30,120,240,,,,
2024-01-15 10:19:36,tf,NFO,35510,245.85,39.73,1705294176,36723795,245.85,246.30,120,240,,,,
2024-01-15 10:19:36,tf,NFO,35510,246.00,39.81,1705294176,,,,,,,,,
2024-01-15 10:19:36,tf,NFO,35510,246.00,39.81,1705294176,,,,,,,,,
2024-01-15 10:19:36,tf,NFO,35510,245.40,39.47,1705294176,36727155,245.35,245.80,30,135,,,,
2024-01-15 10:19:36,tf,NFO,35510,245.40,39.47,1705294176,36727155,245.35,245.80,30,135,,,,
2024-01-15 10:19:37,tf,NFO,35510,245.60,39.59,1705294177,,,,,,,,,
2024-01-15 10:19:37,tf,NFO,35510,245.60,39.59,1705294177,,,,,,,,,
2024-01-15 10:19:37,tf,NFO,35510,244.95,39.22,1705294177,36733905,245.05,245.25,75,15,267.16,,,
2024-01-15 10:19:37,tf,NFO,35510,244.95,39.22,1705294177,36733905,245.05,245.25,75,15,267.16,,,
2024-01-15 10:19:38,tf,NFO,35510,245.00,39.24,1705294178,,,,,,,,,
2024-01-15 10:19:38,tf,NFO,35510,245.00,39.24,1705294178,,,,,,,,,
2024-01-15 10:19:38,tf,NFO,35510,244.75,39.10,1705294178,36737550,244.55,244.70,15,,,,,
2024-01-15 10:19:38,tf,NFO,35510,244.75,39.10,1705294178,36737550,244.55,244.70,15,,,,,
2024-01-15 10:19:39,tf,NFO,35510,244.95,39.22,1705294179,,,,,,,,,
2024-01-15 10:19:39,tf,NFO,35510,244.95,39.22,1705294179,,,,,,,,,
2024-01-15 10:19:39,tf,NFO,35510,244.80,39.13,1705294179,36741315,244.85,245.15,105,,,,,
2024-01-15 10:19:39,tf,NFO,35510,244.80,39.13,1705294179,36741315,244.85,245.15,105,,,,,
2024-01-15 10:19:40,tf,NFO,35510,244.30,38.85,1705294180,,,,,,,,,
2024-01-15 10:19:40,tf,NFO,35510,244.30,38.85,1705294180,,,,,,,,,
2024-01-15 10:19:40,tf,NFO,35510,244.80,39.13,1705294180,36747270,244.45,244.75,15,,267.15,,,
2024-01-15 10:19:40,tf,NFO,35510,244.80,39.13,1705294180,36747270,244.45,244.75,15,,267.15,,,
2024-01-15 10:19:41,tf,NFO,35510,244.10,38.73,1705294181,,,,,,,,,
2024-01-15 10:19:41,tf,NFO,35510,244.10,38.73,1705294181,,,,,,,,,
2024-01-15 10:19:42,tf,NFO,35510,244.80,39.13,1705294182,36752865,244.10,244.50,60,165,,,,
2024-01-15 10:19:42,tf,NFO,35510,244.80,39.13,1705294182,36752865,244.10,244.50,60,165,,,,
2024-01-15 10:19:42,tf,NFO,35510,244.45,38.93,1705294182,,,,,,,,,
2024-01-15 10:19:42,tf,NFO,35510,244.45,38.93,1705294182,,,,,,,,,
2024-01-15 10:19:42,tf,NFO,35510,244.75,39.10,1705294182,36753570,244.55,244.95,30,120,,,,
2024-01-15 10:19:42,tf,NFO,35510,244.75,39.10,1705294182,36753570,244.55,244.95,30,120,,,,
2024-01-15 10:19:43,tf,NFO,35510,245.20,39.36,1705294183,,,,,,,,,
2024-01-15 10:19:43,tf,NFO,35510,245.20,39.36,1705294183,,,,,,,,,
2024-01-15 10:19:43,tf,NFO,35510,244.55,38.99,1705294183,36757155,244.35,244.85,630,135,,,,
2024-01-15 10:19:43,tf,NFO,35510,244.55,38.99,1705294183,36757155,244.35,244.85,630,135,,,,
2024-01-15 10:19:44,tf,NFO,35510,244.45,38.93,1705294184,,,,,,,,,
2024-01-15 10:19:44,tf,NFO,35510,244.45,38.93,1705294184,,,,,,,,,
2024-01-15 10:19:45,tf,NFO,35510,243.90,38.62,1705294185,36760875,243.75,244.30,120,165,267.14,,,
2024-01-15 10:19:45,tf,NFO,35510,243.90,38.62,1705294185,36760875,243.75,244.30,120,165,267.14,,,
2024-01-15 10:19:45,tf,NFO,35510,244.00,38.68,1705294185,,,,,,,,,
2024-01-15 10:19:45,tf,NFO,35510,244.00,38.68,1705294185,,,,,,,,,
2024-01-15 10:19:45,tf,NFO,35510,244.65,39.05,1705294185,36762390,244.20,244.60,360,75,,,,
2024-01-15 10:19:45,tf,NFO,35510,244.65,39.05,1705294185,36762390,244.20,244.60,360,75,,,,
2024-01-15 10:19:46,tf,NFO,35510,244.05,38.70,1705294186,,,,,,,,,
2024-01-15 10:19:46,tf,NFO,35510,244.05,38.70,1705294186,,,,,,,,,
2024-01-15 10:19:47,tf,NFO,35510,244.50,38.96,1705294187,36765435,244.55,244.95,120,30,,,,
2024-01-15 10:19:47,tf,NFO,35510,244.50,38.96,1705294187,36765435,244.55,244.95,120,30,,,,
2024-01-15 10:19:47,tf,NFO,35510,244.65,39.05,1705294187,,,,,,,,,
2024-01-15 10:19:47,tf,NFO,35510,244.65,39.05,1705294187,,,,,,,,,
2024-01-15 10:19:48,tf,NFO,35510,244.95,39.22,1705294188,36766890,244.80,245.20,90,105,,,,
2024-01-15 10:19:48,tf,NFO,35510,244.95,39.22,1705294188,36766890,244.80,245.20,90,105,,,,
2024-01-15 10:19:48,tf,NFO,35510,244.75,39.10,1705294188,,,,,,,,,
2024-01-15 10:19:48,tf,NFO,35510,244.75,39.10,1705294188,,,,,,,,,
2024-01-15 10:19:49,tf,NFO,35510,245.80,39.70,1705294189,36768150,245.40,245.90,165,135,,,,
2024-01-15 10:19:49,tf,NFO,35510,245.80,39.70,1705294189,36768150,245.40,245.90,165,135,,,,
2024-01-15 10:19:49,tf,NFO,35510,245.05,39.27,1705294189,36768960,245.05,245.50,90,240,,,,
2024-01-15 10:19:49,tf,NFO,35510,245.05,39.27,1705294189,36768960,245.05,245.50,90,240,,,,
2024-01-15 10:19:50,tf,NFO,35510,245.95,39.78,1705294190,,,,,,,,,
2024-01-15 10:19:50,tf,NFO,35510,245.95,39.78,1705294190,,,,,,,,,
2024-01-15 10:19:51,tf,NFO,35510,246.75,40.24,1705294191,36772665,246.35,246.75,15,705,,,,
2024-01-15 10:19:51,tf,NFO,35510,246.75,40.24,1705294191,36772665,246.35,246.75,15,705,,,,
2024-01-15 10:19:51,tf,NFO,35510,246.15,39.90,1705294191,,,,,,,,,
2024-01-15 10:19:51,tf,NFO,35510,246.15,39.90,1705294191,,,,,,,,,
2024-01-15 10:19:52,tf,NFO,35510,246.00,39.81,1705294192,36773685,245.70,246.00,,210,,,,
2024-01-15 10:19:52,tf,NFO,35510,246.00,39.81,1705294192,36773685,245.70,246.00,,210,,,,
2024-01-15 10:19:52,tf,NFO,35510,246.25,39.95,1705294192,,,,,,,,,
2024-01-15 10:19:52,tf,NFO,35510,246.25,39.95,1705294192,,,,,,,,,
2024-01-15 10:19:53,tf,NFO,35510,244.25,38.82,1705294193,36779385,244.25,244.75,60,90,267.13,,,
2024-01-15 10:19:53,tf,NFO,35510,244.25,38.82,1705294193,36779385,244.25,244.75,60,90,267.13,,,
2024-01-15 10:19:53,tf,NFO,35510,244.70,39.07,1705294193,,,,,,,,,
2024-01-15 10:19:53,tf,NFO,35510,244.70,39.07,1705294193,,,,,,,,,
2024-01-15 10:19:53,tf,NFO,35510,245.50,39.53,1705294193,36780660,245.00,245.50,540,405,,,,
2024-01-15 10:19:53,tf,NFO,35510,245.50,39.53,1705294193,36780660,245.00,245.50,540,405,,,,
2024-01-15 10:19:54,tf,NFO,35510,245.65,39.61,1705294194,,,,,,,,,
2024-01-15 10:19:54,tf,NFO,35510,245.65,39.61,1705294194,,,,,,,,,
2024-01-15 10:19:54,tf,NFO,35510,245.50,39.53,1705294194,36782250,245.35,245.80,90,150,,,,
2024-01-15 10:19:54,tf,NFO,35510,245.50,39.53,1705294194,36782250,245.35,245.80,90,150,,,,
2024-01-15 10:19:55,tf,NFO,35510,245.70,39.64,1705294195,,,,,,,,,
2024-01-15 10:19:55,tf,NFO,35510,245.70,39.64,1705294195,,,,,,,,,
2024-01-15 10:19:56,tf,NFO,35510,245.25,39.39,1705294196,36806385,245.25,245.70,225,90,267.12,,,
2024-01-15 10:19:56,tf,NFO,35510,245.25,39.39,1705294196,36806385,245.25,245.70,225,90,267.12,,,
2024-01-15 10:19:56,tf,NFO,35510,245.40,39.47,1705294196,,,,,,,,,
2024-01-15 10:19:56,tf,NFO,35510,245.40,39.47,1705294196,,,,,,,,,
2024-01-15 10:19:57,tf,NFO,35510,246.95,40.35,1705294197,36835245,246.65,246.95,375,60,267.10,,,
2024-01-15 10:19:57,tf,NFO,35510,246.95,40.35,1705294197,36835245,246.65,246.95,375,60,267.10,,,
2024-01-15 10:19:57,tf,NFO,35510,246.20,39.93,1705294197,36836325,245.75,246.15,60,30,,,,
2024-01-15 10:19:57,tf,NFO,35510,246.20,39.93,1705294197,36836325,245.75,246.15,60,30,,,,
2024-01-15 10:19:58,tf,NFO,35510,245.20,39.36,1705294198,,,,,,,,,
2024-01-15 10:19:58,tf,NFO,35510,245.20,39.36,1705294198,,,,,,,,,
2024-01-15 10:19:58,tf,NFO,35510,245.75,39.67,1705294198,36838275,245.35,245.75,240,645,,,,
2024-01-15 10:19:58,tf,NFO,35510,245.75,39.67,1705294198,36838275,245.35,245.75,240,645,,,,
2024-01-15 10:19:59,tf,NFO,35510,244.90,39.19,1705294199,,,,,,,,,
2024-01-15 10:19:59,tf,NFO,35510,244.90,39.19,1705294199,,,,,,,,,
2024-01-15 10:20:00,tf,NFO,35510,243.65,38.48,1705294200,36846090,243.55,243.85,285,165,267.09,,,
2024-01-15 10:20:00,tf,NFO,35510,243.65,38.48,1705294200,36846090,243.55,243.85,285,165,267.09,,,
2024-01-15 10:20:00,tf,NFO,35510,244.55,38.99,1705294200,,,,,,,,,
2024-01-15 10:20:00,tf,NFO,35510,244.55,38.99,1705294200,,,,,,,,,
2024-01-15 10:20:01,tf,NFO,35510,244.40,38.90,1705294201,36849465,244.40,244.60,75,75,,,,
2024-01-15 10:20:01,tf,NFO,35510,244.40,38.90,1705294201,36849465,244.40,244.60,75,75,,,,
2024-01-15 10:20:01,tf,NFO,35510,244.60,39.02,1705294201,,,,,,,,,
2024-01-15 10:20:01,tf,NFO,35510,244.60,39.02,1705294201,,,,,,,,,
2024-01-15 10:20:01,tf,NFO,35510,244.20,38.79,1705294201,36851355,244.00,244.25,15,120,,,,
2024-01-15 10:20:01,tf,NFO,35510,244.20,38.79,1705294201,36851355,244.00,244.25,15,120,,,,
2024-01-15 10:20:02,tf,NFO,35510,243.50,38.39,1705294202,,,,,,,,,
2024-01-15 10:20:02,tf,NFO,35510,243.50,38.39,1705294202,,,,,,,,,
2024-01-15 10:20:02,tf,NFO,35510,243.10,38.16,1705294202,36853065,243.10,243.45,435,225,,,,
2024-01-15 10:20:02,tf,NFO,35510,243.10,38.16,1705294202,36853065,243.10,243.45,435,225,,,,
2024-01-15 10:20:03,tf,NFO,35510,244.25,38.82,1705294203,,,,,,,,,
2024-01-15 10:20:03,tf,NFO,35510,244.25,38.82,1705294203,,,,,,,,,
2024-01-15 10:20:03,tf,NFO,35510,245.25,39.39,1705294203,36855510,244.70,245.15,165,165,,,,
2024-01-15 10:20:03,tf,NFO,35510,245.25,39.39,1705294203,36855510,244.70,245.15,165,165,,,,
2024-01-15 10:20:04,tf,NFO,35510,245.65,39.61,1705294204,,,,,,,,,
2024-01-15 10:20:04,tf,NFO,35510,245.65,39.61,1705294204,,,,,,,,,
2024-01-15 10:20:04,tf,NFO,35510,245.80,39.70,1705294204,36857295,245.45,245.80,30,270,,,,
2024-01-15 10:20:04,tf,NFO,35510,245.80,39.70,1705294204,36857295,245.45,245.80,30,270,,,,
2024-01-15 10:20:05,tf,NFO,35510,245.95,39.78,1705294205,,,,,,,,,
2024-01-15 10:20:05,tf,NFO,35510,245.95,39.78,1705294205,,,,,,,,,
2024-01-15 10:20:05,tf,NFO,35510,246.30,39.98,1705294205,36858840,246.00,246.30,60,45,,,,
2024-01-15 10:20:05,tf,NFO,35510,246.30,39.98,1705294205,36858840,246.00,246.30,60,45,,,,
2024-01-15 10:20:06,tf,NFO,35510,246.00,39.81,1705294206,,,,,,,,,
2024-01-15 10:20:06,tf,NFO,35510,246.00,39.81,1705294206,,,,,,,,,
2024-01-15 10:20:06,tf,NFO,35510,244.85,39.16,1705294206,36861495,244.70,245.00,195,375,,,,
2024-01-15 10:20:06,tf,NFO,35510,244.85,39.16,1705294206,36861495,244.70,245.00,195,375,,,,
2024-01-15 10:20:07,tf,NFO,35510,245.75,39.67,1705294207,,,,,,,,,
2024-01-15 10:20:07,tf,NFO,35510,245.75,39.67,1705294207,,,,,,,,,
2024-01-15 10:20:07,tf,NFO,35510,245.10,39.30,1705294207,36863430,245.05,245.50,45,180,267.08,,,
2024-01-15 10:20:07,tf,NFO,35510,245.10,39.30,1705294207,36863430,245.05,245.50,45,180,267.08,,,
2024-01-15 10:20:08,tf,NFO,35510,245.15,39.33,1705294208,,,,,,,,,
2024-01-15 10:20:08,tf,NFO,35510,245.15,39.33,1705294208,,,,,,,,,
2024-01-15 10:20:09,tf,NFO,35510,246.00,39.81,1705294209,36865830,246.05,246.25,75,90,,,,
2024-01-15 10:20:09,tf,NFO,35510,246.00,39.81,1705294209,36865830,246.05,246.25,75,90,,,,
2024-01-15 10:20:09,tf,NFO,35510,246.95,40.35,1705294209,,,,,,,,,
2024-01-15 10:20:09,tf,NFO,35510,246.95,40.35,1705294209,,,,,,,,,
2024-01-15 10:20:09,tf,NFO,35510,246.90,40.32,1705294209,36871455,246.40,246.85,240,75,,,,
2024-01-15 10:20:09,tf,NFO,35510,246.90,40.32,1705294209,36871455,246.40,246.85,240,75,,,,
2024-01-15 10:20:10,tf,NFO,35510,245.90,39.76,1705294210,,,,,,,,,
2024-01-15 10:20:10,tf,NFO,35510,245.90,39.76,1705294210,,,,,,,,,
2024-01-15 10:20:10,tf,NFO,35510,245.60,39.59,1705294210,36873195,245.55,246.05,105,345,,,,
2024-01-15 10:20:10,tf,NFO,35510,245.60,39.59,1705294210,36873195,245.55,246.05,105,345,,,,
2024-01-15 10:20:11,tf,NFO,35510,246.10,39.87,1705294211,,,,,,,,,
2024-01-15 10:20:11,tf,NFO,35510,246.10,39.87,1705294211,,,,,,,,,
2024-01-15 10:20:11,tf,NFO,35510,245.80,39.70,1705294211,36875070,245.75,246.00,225,270,,,,
2024-01-15 10:20:11,tf,NFO,35510,245.80,39.70,1705294211,36875070,245.75,246.00,225,270,,,,
2024-01-15 10:20:12,tf,NFO,35510,245.55,39.56,1705294212,,,,,,,,,
2024-01-15 10:20:12,tf,NFO,35510,245.55,39.56,1705294212,,,,,,,,,
2024-01-15 10:20:13,tf,NFO,35510,246.40,40.04,1705294213,36878070,246.10,246.55,75,285,,,,
2024-01-15 10:20:13,tf,NFO,35510,246.40,40.04,1705294213,36878070,246.10,246.55,75,285,,,,
2024-01-15 10:20:13,tf,NFO,35510,246.65,40.18,1705294213,,,,,,,,,
2024-01-15 10:20:13,tf,NFO,35510,246.65,40.18,1705294213,,,,,,,,,
2024-01-15 10:20:13,tf,NFO,35510,246.10,39.87,1705294213,36880215,246.25,246.70,105,210,267.07,,,
2024-01-15 10:20:13,tf,NFO,35510,246.10,39.87,1705294213,36880215,246.25,246.70,105,210,267.07,,,
2024-01-15 10:20:14,tf,NFO,35510,246.45,40.07,1705294214,,,,,,,,,
2024-01-15 10:20:14,tf,NFO,35510,246.45,40.07,1705294214,,,,,,,,,
2024-01-15 10:20:14,tf,NFO,35510,246.80,40.27,1705294214,36884340,246.35,246.85,240,105,,,,
2024-01-15 10:20:14,tf,NFO,35510,246.80,40.27,1705294214,36884340,246.35,246.85,240,105,,,,
2024-01-15 10:20:15,tf,NFO,35510,246.95,40.35,1705294215,,,,,,,,,
2024-01-15 10:20:15,tf,NFO,35510,246.95,40.35,1705294215,,,,,,,,,
2024-01-15 10:20:15,tf,NFO,35510,247.05,40.41,1705294215,36886725,247.05,247.50,135,225,,,,
2024-01-15 10:20:15,tf,NFO,35510,247.05,40.41,1705294215,36886725,247.05,247.50,135,225,,,,
2024-01-15 10:20:16,tf,NFO,35510,247.60,40.72,1705294216,,,,,,,,,
2024-01-15 10:20:16,tf,NFO,35510,247.60,40.72,1705294216,,,,,,,,,
2024-01-15 10:20:16,tf,NFO,35510,245.95,39.78,1705294216,36892725,245.75,246.10,15,120,,,,
2024-01-15 10:20:16,tf,NFO,35510,245.95,39.78,1705294216,36892725,245.75,246.10,15,120,,,,
2024-01-15 10:20:17,tf,NFO,35510,246.30,39.98,1705294217,,,,,,,,,
2024-01-15 10:20:17,tf,NFO,35510,246.30,39.98,1705294217,,,,,,,,,
2024-01-15 10:20:17,tf,NFO,35510,246.55,40.13,1705294217,36897390,246.25,246.55,,180,,,,
2024-01-15 10:20:17,tf,NFO,35510,246.55,40.13,1705294217,36897390,246.25,246.55,,180,,,,
2024-01-15 10:20:18,tf,NFO,35510,246.20,39.93,1705294218,,,,,,,,,
2024-01-15 10:20:18,tf,NFO,35510,246.20,39.93,1705294218,,,,,,,,,
2024-01-15 10:20:18,tf,NFO,35510,247.25,40.52,1705294218,36900270,246.85,247.20,,360,267.06,,,
2024-01-15 10:20:18,tf,NFO,35510,247.25,40.52,1705294218,36900270,246.85,247.20,,360,267.06,,,
2024-01-15 10:20:19,tf,NFO,35510,246.90,40.32,1705294219,,,,,,,,,
2024-01-15 10:20:19,tf,NFO,35510,246.90,40.32,1705294219,,,,,,,,,
2024-01-15 10:20:20,tf,NFO,35510,247.80,40.84,1705294220,36903135,247.60,247.85,,15,,,,
2024-01-15 10:20:20,tf,NFO,35510,247.80,40.84,1705294220,36903135,247.60,247.85,,15,,,,
2024-01-15 10:20:20,tf,NFO,35510,247.65,40.75,1705294220,,,,,,,,,
2024-01-15 10:20:20,tf,NFO,35510,247.65,40.75,1705294220,,,,,,,,,
2024-01-15 10:20:20,tf,NFO,35510,247.40,40.61,1705294220,36906150,247.10,247.60,255,315,,,,
2024-01-15 10:20:20,tf,NFO,35510,247.40,40.61,1705294220,36906150,247.10,247.60,255,315,,,,
2024-01-15 10:20:21,tf,NFO,35510,247.00,40.38,1705294221,,,,,,,,,
2024-01-15 10:20:21,tf,NFO,35510,247.00,40.38,1705294221,,,,,,,,,
2024-01-15 10:20:21,tf,NFO,35510,247.25,40.52,1705294221,36910275,246.80,247.25,15,435,,,,
2024-01-15 10:20:21,tf,NFO,35510,247.25,40.52,1705294221,36910275,246.80,247.25,15,435,,,,
2024-01-15 10:20:22,tf,NFO,35510,245.75,39.67,1705294222,,,,,,,,,
2024-01-15 10:20:22,tf,NFO,35510,245.75,39.67,1705294222,,,,,,,,,
2024-01-15 10:20:22,tf,NFO,35510,246.15,39.90,1705294222,36916515,246.20,246.55,,15,267.05,,,
2024-01-15 10:20:22,tf,NFO,35510,246.15,39.90,1705294222,36916515,246.20,246.55,,15,267.05,,,
2024-01-15 10:20:23,tf,NFO,35510,245.35,39.44,1705294223,,,,,,,,,
2024-01-15 10:20:23,tf,NFO,35510,245.35,39.44,1705294223,,,,,,,,,
2024-01-15 10:20:24,tf,NFO,35510,245.70,39.64,1705294224,36919395,245.40,245.65,120,,,,,
2024-01-15 10:20:24,tf,NFO,35510,245.70,39.64,1705294224,36919395,245.40,245.65,120,,,,,
2024-01-15 10:20:24,tf,NFO,35510,245.30,39.41,1705294224,,,,,,,,,
2024-01-15 10:20:24,tf,NFO,35510,245.30,39.41,1705294224,,,,,,,,,
2024-01-15 10:20:25,tf,NFO,35510,245.15,39.33,1705294225,36929265,244.70,245.00,660,,,,,
2024-01-15 10:20:25,tf,NFO,35510,245.15,39.33,1705294225,36929265,244.70,245.00,660,,,,,
2024-01-15 10:20:25,tf,NFO,35510,244.90,39.19,1705294225,,,,,,,,,
2024-01-15 10:20:25,tf,NFO,35510,244.90,39.19,1705294225,,,,,,,,,
2024-01-15 10:20:26,tf,NFO,35510,245.15,39.33,1705294226,36933660,245.10,245.45,180,,267.04,,,
2024-01-15 10:20:26,tf,NFO,35510,245.15,39.33,1705294226,36933660,245.10,245.45,180,,267.04,,,
2024-01-15 10:20:27,tf,NFO,35510,246.10,39.87,1705294227,36935310,245.70,246.10,495,,,,,
2024-01-15 10:20:27,tf,NFO,35510,246.10,39.87,1705294227,36935310,245.70,246.10,495,,,,,
2024-01-15 10:20:27,tf,NFO,35510,246.15,39.90,1705294227,,,,,,,,,
2024-01-15 10:20:27,tf,NFO,35510,246.15,39.90,1705294227,,,,,,,,,
2024-01-15 10:20:28,tf,NFO,35510,246.55,40.13,1705294228,36940200,246.60,246.85,120,,,,,
2024-01-15 10:20:28,tf,NFO,35510,246.55,40.13,1705294228,36940200,246.60,246.85,120,,,,,
2024-01-15 10:20:29,tf,NFO,35510,246.95,40.35,1705294229,36941595,246.40,,480,195,,,,
2024-01-15 10:20:29,tf,NFO,35510,246.95,40.35,1705294229,36941595,246.40,,480,195,,,,
2024-01-15 10:20:29,tf,NFO,35510,248.00,40.95,1705294229,36946800,247.70,248.00,255,2610,,,,
2024-01-15 10:20:29,tf,NFO,35510,248.00,40.95,1705294229,36946800,247.70,248.00,255,2610,,,,
2024-01-15 10:20:30,tf,NFO,35510,248.45,41.20,1705294230,,,,,,,,,
2024-01-15 10:20:30,tf,NFO,35510,248.45,41.20,1705294230,,,,,,,,,
2024-01-15 10:20:31,tf,NFO,35510,249.45,41.77,1705294231,36958185,249.25,249.45,30,90,267.03,,,
2024-01-15 10:20:31,tf,NFO,35510,249.45,41.77,1705294231,36958185,249.25,249.45,30,90,267.03,,,
2024-01-15 10:20:31,tf,NFO,35510,249.20,41.63,1705294231,,,,,,,,,
2024-01-15 10:20:31,tf,NFO,35510,249.20,41.63,1705294231,,,,,,,,,
2024-01-15 10:20:31,tf,NFO,35510,248.85,41.43,1705294231,36967230,248.70,249.00,15,540,,,,
2024-01-15 10:20:31,tf,NFO,35510,248.85,41.43,1705294231,36967230,248.70,249.00,15,540,,,,
2024-01-15 10:20:32,tf,NFO,35510,249.00,41.52,1705294232,36973170,,249.10,135,75,267.02,,,
2024-01-15 10:20:32,tf,NFO,35510,249.00,41.52,1705294232,36973170,,249.10,135,75,267.02,,,
2024-01-15 10:20:33,tf,NFO,35510,249.45,41.77,1705294233,,,,,,,,,
2024-01-15 10:20:33,tf,NFO,35510,249.45,41.77,1705294233,,,,,,,,,
2024-01-15 10:20:33,tf,NFO,35510,248.40,41.18,1705294233,36979035,248.40,248.85,210,15,,,,
2024-01-15 10:20:33,tf,NFO,35510,248.40,41.18,1705294233,36979035,248.40,248.85,210,15,,,,
2024-01-15 10:20:34,tf,NFO,35510,249.15,41.60,1705294234,,,,,,,,,
2024-01-15 10:20:34,tf,NFO,35510,249.15,41.60,1705294234,,,,,,,,,
2024-01-15 10:20:34,tf,NFO,35510,249.00,41.52,1705294234,36985275,248.75,249.00,15,,,,,
2024-01-15 10:20:34,tf,NFO,35510,249.00,41.52,1705294234,36985275,248.75,249.00,15,,,,,
2024-01-15 10:20:35,tf,NFO,35510,248.65,41.32,1705294235,,,,,,,,,
2024-01-15 10:20:35,tf,NFO,35510,248.65,41.32,1705294235,,,,,,,,,
2024-01-15 10:20:35,tf,NFO,35510,247.45,40.64,1705294235,36995355,247.45,248.00,75,30,267.01,,,
2024-01-15 10:20:35,tf,NFO,35510,247.45,40.64,1705294235,36995355,247.45,248.00,75,30,267.01,,,
2024-01-15 10:20:36,tf,NFO,35510,247.55,40.69,1705294236,,,,,,,,,
2024-01-15 10:20:36,tf,NFO,35510,247.55,40.69,1705294236,,,,,,,,,
2024-01-15 10:20:36,tf,NFO,35510,248.00,40.95,1705294236,37008225,247.60,247.90,15,60,,,,
2024-01-15 10:20:36,tf,NFO,35510,248.00,40.95,1705294236,37008225,247.60,247.90,15,60,,,,
2024-01-15 10:20:37,tf,NFO,35510,247.55,40.69,1705294237,,,,,,,,,
2024-01-15 10:20:37,tf,NFO,35510,247.55,40.69,1705294237,,,,,,,,,
2024-01-15 10:20:37,tf,NFO,35510,247.20,40.49,1705294237,37010955,246.95,247.35,75,45,,,,
2024-01-15 10:20:37,tf,NFO,35510,247.20,40.49,1705294237,37010955,246.95,247.35,75,45,,,,
2024-01-15 10:20:38,tf,NFO,35510,248.30,41.12,1705294238,,,,,,,,,
2024-01-15 10:20:38,tf,NFO,35510,248.30,41.12,1705294238,,,,,,,,,
2024-01-15 10:20:38,tf,NFO,35510,247.65,40.75,1705294238,37020975,247.40,247.50,15,15,267.00,,,
2024-01-15 10:20:38,tf,NFO,35510,247.65,40.75,1705294238,37020975,247.40,247.50,15,15,267.00,,,
2024-01-15 10:20:39,tf,NFO,35510,248.10,41.01,1705294239,,,,,,,4756920,,
2024-01-15 10:20:39,tf,NFO,35510,248.10,41.01,1705294239,,,,,,,4756920,,
2024-01-15 10:20:39,tf,NFO,35510,247.90,40.89,1705294239,37023405,247.45,247.75,30,180,,,,
2024-01-15 10:20:39,tf,NFO,35510,247.90,40.89,1705294239,37023405,247.45,247.75,30,180,,,,
2024-01-15 10:20:40,tf,NFO,35510,248.50,41.23,1705294240,,,,,,,,,
2024-01-15 10:20:40,tf,NFO,35510,248.50,41.23,1705294240,,,,,,,,,
2024-01-15 10:20:40,tf,NFO,35510,248.25,41.09,1705294240,37027215,248.05,248.40,75,900,,,,
2024-01-15 10:20:40,tf,NFO,35510,248.25,41.09,1705294240,37027215,248.05,248.40,75,900,,,,
2024-01-15 10:20:41,tf,NFO,35510,248.35,41.15,1705294241,,,,,,,,,
2024-01-15 10:20:41,tf,NFO,35510,248.35,41.15,1705294241,,,,,,,,,
2024-01-15 10:20:42,tf,NFO,35510,248.15,41.03,1705294242,37032465,247.90,248.15,30,135,266.99,,,
2024-01-15 10:20:42,tf,NFO,35510,248.15,41.03,1705294242,37032465,247.90,248.15,30,135,266.99,,,
2024-01-15 10:20:42,tf,NFO,35510,247.95,40.92,1705294242,,,,,,,,,
2024-01-15 10:20:42,tf,NFO,35510,247.95,40.92,1705294242,,,,,,,,,
2024-01-15 10:20:42,tf,NFO,35510,247.35,40.58,1705294242,37037985,247.05,247.35,135,105,,,,
2024-01-15 10:20:42,tf,NFO,35510,247.35,40.58,1705294242,37037985,247.05,247.35,135,105,,,,
2024-01-15 10:20:43,tf,NFO,35510,247.40,40.61,1705294243,,,,,,,,,
2024-01-15 10:20:43,tf,NFO,35510,247.40,40.61,1705294243,,,,,,,,,
2024-01-15 10:20:43,tf,NFO,35510,248.00,40.95,1705294243,37040835,247.90,248.00,15,,,,,
2024-01-15 10:20:43,tf,NFO,35510,248.00,40.95,1705294243,37040835,247.90,248.00,15,,,,,
2024-01-15 10:20:45,tf,NFO,35510,247.20,40.49,1705294245,37042425,247.20,247.65,135,255,,,,
2024-01-15 10:20:45,tf,NFO,35510,247.20,40.49,1705294245,37042425,247.20,247.65,135,255,,,,
2024-01-15 10:20:45,tf,NFO,35510,247.25,40.52,1705294245,,,,,,,,,
2024-01-15 10:20:45,tf,NFO,35510,247.25,40.52,1705294245,,,,,,,,,
2024-01-15 10:20:46,tf,NFO,35510,248.25,41.09,1705294246,37044795,248.00,248.30,,135,,,,
2024-01-15 10:20:46,tf,NFO,35510,247.85,40.86,1705294246,,,,,,,,,
2024-01-15 10:20:46,tf,NFO,35510,248.25,41.09,1705294246,37044795,248.00,248.30,,135,,,,
2024-01-15 10:20:46,tf,NFO,35510,247.85,40.86,1705294246,,,,,,,,,
2024-01-15 10:20:46,tf,NFO,35510,247.10,40.44,1705294246,37046595,247.15,247.60,405,315,,,,
2024-01-15 10:20:46,tf,NFO,35510,247.10,40.44,1705294246,37046595,247.15,247.60,405,315,,,,
2024-01-15 10:20:47,tf,NFO,35510,247.70,40.78,1705294247,,,,,,,,,
2024-01-15 10:20:47,tf,NFO,35510,247.70,40.78,1705294247,,,,,,,,,
2024-01-15 10:20:47,tf,NFO,35510,247.80,40.84,1705294247,37048755,247.80,248.10,195,15,,,,
2024-01-15 10:20:47,tf,NFO,35510,247.80,40.84,1705294247,37048755,247.80,248.10,195,15,,,,
2024-01-15 10:20:48,tf,NFO,35510,248.20,41.06,1705294248,,,,,,,,,
2024-01-15 10:20:48,tf,NFO,35510,248.20,41.06,1705294248,,,,,,,,,
2024-01-15 10:20:48,tf,NFO,35510,247.90,40.89,1705294248,37051035,247.75,247.95,105,,266.98,,,
2024-01-15 10:20:48,tf,NFO,35510,247.90,40.89,1705294248,37051035,247.75,247.95,105,,266.98,,,
2024-01-15 10:20:49,tf,NFO,35510,248.20,41.06,1705294249,,,,,,,,,
2024-01-15 10:20:49,tf,NFO,35510,248.20,41.06,1705294249,,,,,,,,,
2024-01-15 10:20:49,tf,NFO,35510,248.45,41.20,1705294249,37056195,248.05,248.40,15,,,,,
2024-01-15 10:20:49,tf,NFO,35510,248.45,41.20,1705294249,37056195,248.05,248.40,15,,,,,
2024-01-15 10:20:50,tf,NFO,35510,248.25,41.09,1705294250,,,,,,,,,
2024-01-15 10:20:50,tf,NFO,35510,248.25,41.09,1705294250,,,,,,,,,
2024-01-15 10:20:50,tf,NFO,35510,248.90,41.46,1705294250,37058685,248.60,248.90,45,,,,,
2024-01-15 10:20:50,tf,NFO,35510,248.90,41.46,1705294250,37058685,248.60,248.90,45,,,,,
2024-01-15 10:20:51,tf,NFO,35510,248.80,41.40,1705294251,,,,,,,,,
2024-01-15 10:20:51,tf,NFO,35510,248.80,41.40,1705294251,,,,,,,,,
2024-01-15 10:20:51,tf,NFO,35510,247.75,40.81,1705294251,37064535,247.55,247.75,30,,,,,
2024-01-15 10:20:51,tf,NFO,35510,247.75,40.81,1705294251,37064535,247.55,247.75,30,,,,,
2024-01-15 10:20:52,tf,NFO,35510,247.90,40.89,1705294252,,,,,,,,,
2024-01-15 10:20:52,tf,NFO,35510,247.90,40.89,1705294252,,,,,,,,,
2024-01-15 10:20:53,tf,NFO,35510,247.60,40.72,1705294253,37068345,247.25,247.60,120,,,,,
2024-01-15 10:20:53,tf,NFO,35510,247.60,40.72,1705294253,37068345,247.25,247.60,120,,,,,
2024-01-15 10:20:53,tf,NFO,35510,247.15,40.47,1705294253,,,,,,,,,
2024-01-15 10:20:53,tf,NFO,35510,247.15,40.47,1705294253,,,,,,,,,
2024-01-15 10:20:54,tf,NFO,35510,248.15,41.03,1705294254,,,,,,,,,
2024-01-15 10:20:54,tf,NFO,35510,248.15,41.03,1705294254,,,,,,,,,
2024-01-15 10:20:54,tf,NFO,35510,248.70,41.35,1705294254,37072395,248.10,248.60,135,105,,,,
2024-01-15 10:20:54,tf,NFO,35510,248.70,41.35,1705294254,37072395,248.10,248.60,135,105,,,,
2024-01-15 10:20:55,tf,NFO,35510,248.50,41.23,1705294255,,,,,,,,,
2024-01-15 10:20:55,tf,NFO,35510,248.50,41.23,1705294255,,,,,,,,,
2024-01-15 10:20:55,tf,NFO,35510,248.60,41.29,1705294255,37074750,248.35,248.65,75,300,,,,
2024-01-15 10:20:55,tf,NFO,35510,248.60,41.29,1705294255,37074750,248.35,248.65,75,300,,,,
2024-01-15 10:20:56,tf,NFO,35510,248.70,41.35,1705294256,,,,,,,,,
2024-01-15 10:20:56,tf,NFO,35510,248.70,41.35,1705294256,,,,,,,,,
2024-01-15 10:20:56,tf,NFO,35510,249.70,41.92,1705294256,37078320,249.80,250.00,60,20160,,,,
2024-01-15 10:20:56,tf,NFO,35510,249.70,41.92,1705294256,37078320,249.80,250.00,60,20160,,,,
2024-01-15 10:20:57,tf,NFO,35510,248.85,41.43,1705294257,37084275,248.45,248.85,210,90,,,,
2024-01-15 10:20:57,tf,NFO,35510,248.85,41.43,1705294257,37084275,248.45,248.85,210,90,,,,
2024-01-15 10:20:58,tf,NFO,35510,248.35,41.15,1705294258,,,,,,,,,
2024-01-15 10:20:58,tf,NFO,35510,248.35,41.15,1705294258,,,,,,,,,
2024-01-15 10:20:58,tf,NFO,35510,249.15,41.60,1705294258,37087830,248.80,249.15,15,60,,,,
2024-01-15 10:20:58,tf,NFO,35510,249.15,41.60,1705294258,37087830,248.80,249.15,15,60,,,,
2024-01-15 10:20:59,tf,NFO,35510,249.30,41.69,1705294259,,,,,,,,,
2024-01-15 10:20:59,tf,NFO,35510,249.30,41.69,1705294259,,,,,,,,,
2024-01-15 10:20:59,tf,NFO,35510,249.55,41.83,1705294259,37089360,249.15,249.55,30,255,,,,
2024-01-15 10:20:59,tf,NFO,35510,249.55,41.83,1705294259,37089360,249.15,249.55,30,255,,,,
2024-01-15 10:21:00,tf,NFO,35510,248.65,41.32,1705294260,,,,,,,,,
2024-01-15 10:21:00,tf,NFO,35510,248.65,41.32,1705294260,,,,,,,,,
2024-01-15 10:21:00,tf,NFO,35510,248.70,41.35,1705294260,37097250,248.55,248.80,15,105,266.96,,,
2024-01-15 10:21:00,tf,NFO,35510,248.70,41.35,1705294260,37097250,248.55,248.80,15,105,266.96,,,
2024-01-15 10:21:01,tf,NFO,35510,248.50,41.23,1705294261,,,,,,,,,
2024-01-15 10:21:01,tf,NFO,35510,248.50,41.23,1705294261,,,,,,,,,
2024-01-15 10:21:02,tf,NFO,35510,248.10,41.01,1705294262,37101630,247.80,248.05,,,,,,
2024-01-15 10:21:02,tf,NFO,35510,248.10,41.01,1705294262,37101630,247.80,248.05,,,,,,
2024-01-15 10:21:02,tf,NFO,35510,247.20,40.49,1705294262,,,,,,,,,
2024-01-15 10:21:02,tf,NFO,35510,247.20,40.49,1705294262,,,,,,,,,
2024-01-15 10:21:03,tf,NFO,35510,247.80,40.84,1705294263,,,,,,,,,
2024-01-15 10:21:03,tf,NFO,35510,247.80,40.84,1705294263,,,,,,,,,
2024-01-15 10:21:03,tf,NFO,35510,248.20,41.06,1705294263,37112985,247.95,248.20,,120,266.95,,,
2024-01-15 10:21:03,tf,NFO,35510,248.20,41.06,1705294263,37112985,247.95,248.20,,120,266.95,,,
2024-01-15 10:21:04,tf,NFO,35510,249.20,41.63,1705294264,,,,,,,,,
2024-01-15 10:21:04,tf,NFO,35510,249.20,41.63,1705294264,,,,,,,,,
2024-01-15 10:21:04,tf,NFO,35510,249.25,41.66,1705294264,37116690,249.15,249.50,75,75,,,,
2024-01-15 10:21:04,tf,NFO,35510,249.25,41.66,1705294264,37116690,249.15,249.50,75,75,,,,
2024-01-15 10:21:05,tf,NFO,35510,247.30,40.55,1705294265,,,,,,,,,
2024-01-15 10:21:05,tf,NFO,35510,247.30,40.55,1705294265,,,,,,,,,
2024-01-15 10:21:05,tf,NFO,35510,247.00,40.38,1705294265,37121265,247.15,247.45,15,15,,,,
2024-01-15 10:21:05,tf,NFO,35510,247.00,40.38,1705294265,37121265,247.15,247.45,15,15,,,,
2024-01-15 10:21:06,tf,NFO,35510,247.05,40.41,1705294266,,,,,,,,,
2024-01-15 10:21:06,tf,NFO,35510,247.05,40.41,1705294266,,,,,,,,,
2024-01-15 10:21:06,tf,NFO,35510,246.85,40.30,1705294266,37127595,246.90,247.10,,,,,,
2024-01-15 10:21:06,tf,NFO,35510,246.85,40.30,1705294266,37127595,246.90,247.10,,,,,,
2024-01-15 10:21:07,tf,NFO,35510,247.70,40.78,1705294267,,,,,,,,,
2024-01-15 10:21:07,tf,NFO,35510,247.70,40.78,1705294267,,,,,,,,,
2024-01-15 10:21:08,tf,NFO,35510,247.05,40.41,1705294268,,,,,,,,,
2024-01-15 10:21:08,tf,NFO,35510,247.05,40.41,1705294268,,,,,,,,,
2024-01-15 10:21:08,tf,NFO,35510,246.95,40.35,1705294268,37134960,246.95,247.25,,,,,,
2024-01-15 10:21:08,tf,NFO,35510,246.95,40.35,1705294268,37134960,246.95,247.25,,,,,,
2024-01-15 10:21:09,tf,NFO,35510,247.30,40.55,1705294269,,,,,,,,,
2024-01-15 10:21:09,tf,NFO,35510,247.30,40.55,1705294269,,,,,,,,,
2024-01-15 10:21:09,tf,NFO,35510,247.65,40.75,1705294269,37137255,247.35,247.65,75,,,,,
2024-01-15 10:21:09,tf,NFO,35510,247.65,40.75,1705294269,37137255,247.35,247.65,75,,,,,
2024-01-15 10:21:09,tf,NFO,35510,247.70,40.78,1705294269,37138740,247.65,247.90,15,,,,,
2024-01-15 10:21:09,tf,NFO,35510,247.70,40.78,1705294269,37138740,247.65,247.90,15,,,,,
2024-01-15 10:21:10,tf,NFO,35510,247.75,40.81,1705294270,,,,,,,,,
2024-01-15 10:21:10,tf,NFO,35510,247.75,40.81,1705294270,,,,,,,,,
2024-01-15 10:21:10,tf,NFO,35510,247.70,40.78,1705294270,37140435,247.45,247.75,30,45,,,,
2024-01-15 10:21:10,tf,NFO,35510,247.70,40.78,1705294270,37140435,247.45,247.75,30,45,,,,
2024-01-15 10:21:11,tf,NFO,35510,247.60,40.72,1705294271,,,,,,,,,
2024-01-15 10:21:11,tf,NFO,35510,247.60,40.72,1705294271,,,,,,,,,
2024-01-15 10:21:12,tf,NFO,35510,247.65,40.75,1705294272,37143150,247.35,247.70,555,15,,,,
2024-01-15 10:21:12,tf,NFO,35510,247.65,40.75,1705294272,37143150,247.35,247.70,555,15,,,,
2024-01-15 10:21:12,tf,NFO,35510,247.05,40.41,1705294272,,,,,,,,,
2024-01-15 10:21:12,tf,NFO,35510,247.05,40.41,1705294272,,,,,,,,,
2024-01-15 10:21:13,tf,NFO,35510,246.60,40.15,1705294273,37144890,246.35,246.65,60,,,,,
2024-01-15 10:21:13,tf,NFO,35510,246.60,40.15,1705294273,37144890,246.35,246.65,60,,,,,
2024-01-15 10:21:13,tf,NFO,35510,246.85,40.30,1705294273,,,,,,,,,
2024-01-15 10:21:13,tf,NFO,35510,246.85,40.30,1705294273,,,,,,,,,
2024-01-15 10:21:13,tf,NFO,35510,247.05,40.41,1705294273,37148175,247.10,247.45,180,,266.93,,,
2024-01-15 10:21:13,tf,NFO,35510,247.05,40.41,1705294273,37148175,247.10,247.45,180,,266.93,,,
2024-01-15 10:21:14,tf,NFO,35510,247.25,40.52,1705294274,,,,,,,,,
2024-01-15 10:21:14,tf,NFO,35510,247.25,40.52,1705294274,,,,,,,,,
2024-01-15 10:21:14,tf,NFO,35510,247.00,40.38,1705294274,37149810,246.50,246.90,570,,,,,
2024-01-15 10:21:14,tf,NFO,35510,247.00,40.38,1705294274,37149810,246.50,246.90,570,,,,,
2024-01-15 10:21:15,tf,NFO,35510,246.70,40.21,1705294275,,,,,,,,,
2024-01-15 10:21:15,tf,NFO,35510,246.70,40.21,1705294275,,,,,,,,,
2024-01-15 10:21:16,tf,NFO,35510,245.15,39.33,1705294276,37153950,245.20,245.55,195,105,,,,
2024-01-15 10:21:16,tf,NFO,35510,245.15,39.33,1705294276,37153950,245.20,245.55,195,105,,,,
2024-01-15 10:21:17,tf,NFO,35510,243.85,38.59,1705294277,,,,,,,,,
2024-01-15 10:21:17,tf,NFO,35510,243.85,38.59,1705294277,,,,,,,,,
2024-01-15 10:21:18,tf,NFO,35510,243.70,38.51,1705294278,,,,,,,,,
2024-01-15 10:21:18,tf,NFO,35510,243.70,38.51,1705294278,,,,,,,,,
2024-01-15 10:21:18,tf,NFO,35510,243.45,38.36,1705294278,37181805,243.15,243.45,15,45,266.91,,,
2024-01-15 10:21:18,tf,NFO,35510,243.45,38.36,1705294278,37181805,243.15,243.45,15,45,266.91,,,
2024-01-15 10:21:19,tf,NFO,35510,243.75,38.53,1705294279,,,,,,,,,
2024-01-15 10:21:19,tf,NFO,35510,243.75,38.53,1705294279,,,,,,,,,
2024-01-15 10:21:19,tf,NFO,35510,244.10,38.73,1705294279,37189770,243.60,244.10,135,480,,,,
2024-01-15 10:21:19,tf,NFO,35510,244.10,38.73,1705294279,37189770,243.60,244.10,135,480,,,,
2024-01-15 10:21:19,tf,NFO,35510,244.60,39.02,1705294279,37194885,243.95,244.40,180,315,,,,
2024-01-15 10:21:19,tf,NFO,35510,244.60,39.02,1705294279,37194885,243.95,244.40,180,315,,,,
2024-01-15 10:21:20,tf,NFO,35510,243.95,38.65,1705294280,,,,,,,,,
2024-01-15 10:21:20,tf,NFO,35510,243.95,38.65,1705294280,,,,,,,,,
2024-01-15 10:21:21,tf,NFO,35510,245.00,39.24,1705294281,37199235,244.55,245.00,120,165,266.90,,,
2024-01-15 10:21:21,tf,NFO,35510,245.00,39.24,1705294281,37199235,244.55,245.00,120,165,266.90,,,
2024-01-15 10:21:21,tf,NFO,35510,244.55,38.99,1705294281,,,,,,,,,
2024-01-15 10:21:21,tf,NFO,35510,244.55,38.99,1705294281,,,,,,,,,
2024-01-15 10:21:22,tf,NFO,35510,244.65,39.05,1705294282,37200765,244.40,244.80,60,285,,,,
2024-01-15 10:21:22,tf,NFO,35510,244.65,39.05,1705294282,37200765,244.40,244.80,60,285,,,,
2024-01-15 10:21:22,tf,NFO,35510,244.90,39.19,1705294282,,,,,,,,,
2024-01-15 10:21:22,tf,NFO,35510,244.90,39.19,1705294282,,,,,,,,,
2024-01-15 10:21:22,tf,NFO,35510,244.65,39.05,1705294282,37202580,244.65,245.00,15,90,,,,
2024-01-15 10:21:22,tf,NFO,35510,244.65,39.05,1705294282,37202580,244.65,245.00,15,90,,,,
2024-01-15 10:21:23,tf,NFO,35510,244.80,39.13,1705294283,,,,,,,,,
2024-01-15 10:21:23,tf,NFO,35510,244.80,39.13,1705294283,,,,,,,,,
2024-01-15 10:21:23,tf,NFO,35510,245.65,39.61,1705294283,37204365,245.15,245.65,180,330,,,,
2024-01-15 10:21:24,tf,NFO,35510,245.65,39.61,1705294283,37204365,245.15,245.65,180,330,,,,
2024-01-15 10:21:24,tf,NFO,35510,245.45,39.50,1705294284,,,,,,,,,
2024-01-15 10:21:24,tf,NFO,35510,245.45,39.50,1705294284,,,,,,,,,
2024-01-15 10:21:25,tf,NFO,35510,244.80,39.13,1705294285,37206405,244.50,244.80,450,60,,,,
2024-01-15 10:21:25,tf,NFO,35510,244.80,39.13,1705294285,37206405,244.50,244.80,450,60,,,,
2024-01-15 10:21:25,tf,NFO,35510,245.10,39.30,1705294285,,,,,,,,,
2024-01-15 10:21:25,tf,NFO,35510,245.10,39.30,1705294285,,,,,,,,,
2024-01-15 10:21:26,tf,NFO,35510,244.70,39.07,1705294285,37208130,244.65,245.15,405,165,,,,
2024-01-15 10:21:26,tf,NFO,35510,244.70,39.07,1705294285,37208130,244.65,245.15,405,165,,,,
2024-01-15 10:21:26,tf,NFO,35510,244.95,39.22,1705294286,,,,,,,,,
2024-01-15 10:21:26,tf,NFO,35510,244.95,39.22,1705294286,,,,,,,,,
2024-01-15 10:21:27,tf,NFO,35510,244.70,39.07,1705294287,37210065,244.10,244.45,450,30,,,,
2024-01-15 10:21:27,tf,NFO,35510,244.70,39.07,1705294287,37210065,244.10,244.45,450,30,,,,
2024-01-15 10:21:27,tf,NFO,35510,244.10,38.73,1705294287,,,,,,,,,
2024-01-15 10:21:27,tf,NFO,35510,244.10,38.73,1705294287,,,,,,,,,
2024-01-15 10:21:28,tf,NFO,35510,244.25,38.82,1705294288,37214970,243.85,244.25,15,105,266.89,,,
2024-01-15 10:21:28,tf,NFO,35510,244.25,38.82,1705294288,37214970,243.85,244.25,15,105,266.89,,,
2024-01-15 10:21:28,tf,NFO,35510,244.30,38.85,1705294288,,,,,,,,,
2024-01-15 10:21:28,tf,NFO,35510,244.30,38.85,1705294288,,,,,,,,,
2024-01-15 10:21:29,tf,NFO,35510,244.50,38.96,1705294289,,,,,,,,,
2024-01-15 10:21:29,tf,NFO,35510,244.50,38.96,1705294289,,,,,,,,,
2024-01-15 10:21:29,tf,NFO,35510,244.40,38.90,1705294289,37216545,244.05,244.40,,90,,,,
2024-01-15 10:21:29,tf,NFO,35510,244.40,38.90,1705294289,37216545,244.05,244.40,,90,,,,
2024-01-15 10:21:30,tf,NFO,35510,244.00,38.68,1705294290,37218765,243.60,244.00,75,30,,,,
2024-01-15 10:21:30,tf,NFO,35510,244.00,38.68,1705294290,37218765,243.60,244.00,75,30,,,,
2024-01-15 10:21:30,tf,NFO,35510,243.70,38.51,1705294290,,,,,,,,,
2024-01-15 10:21:30,tf,NFO,35510,243.70,38.51,1705294290,,,,,,,,,
2024-01-15 10:21:31,tf,NFO,35510,244.65,39.05,1705294291,,,,,,,,,
2024-01-15 10:21:31,tf,NFO,35510,244.65,39.05,1705294291,,,,,,,,,
2024-01-15 10:21:31,tf,NFO,35510,244.20,38.79,1705294291,37220355,244.15,244.65,105,360,,,,
2024-01-15 10:21:31,tf,NFO,35510,244.20,38.79,1705294291,37220355,244.15,244.65,105,360,,,,
2024-01-15 10:21:32,tf,NFO,35510,244.05,38.70,1705294292,,,,,,,,,
2024-01-15 10:21:32,tf,NFO,35510,244.05,38.70,1705294292,,,,,,,,,
2024-01-15 10:21:32,tf,NFO,35510,243.90,38.62,1705294292,37222935,243.45,243.90,,75,,,,
2024-01-15 10:21:32,tf,NFO,35510,243.90,38.62,1705294292,37222935,243.45,243.90,,75,,,,
2024-01-15 10:21:33,tf,NFO,35510,243.95,38.65,1705294293,37224075,243.40,243.85,195,135,,,,
2024-01-15 10:21:33,tf,NFO,35510,243.95,38.65,1705294293,37224075,243.40,243.85,195,135,,,,
2024-01-15 10:21:33,tf,NFO,35510,244.30,38.85,1705294293,,,,,,,,,
2024-01-15 10:21:33,tf,NFO,35510,244.30,38.85,1705294293,,,,,,,,,
2024-01-15 10:21:34,tf,NFO,35510,244.80,39.13,1705294294,37229400,244.80,245.00,105,1980,,,,
2024-01-15 10:21:34,tf,NFO,35510,244.80,39.13,1705294294,37229400,244.80,245.00,105,1980,,,,
2024-01-15 10:21:34,tf,NFO,35510,245.50,39.53,1705294294,,,,,,,,,
2024-01-15 10:21:34,tf,NFO,35510,245.50,39.53,1705294294,,,,,,,,,
2024-01-15 10:21:35,tf,NFO,35510,244.80,39.13,1705294295,37235100,244.30,244.80,45,555,266.88,,,
2024-01-15 10:21:35,tf,NFO,35510,244.80,39.13,1705294295,37235100,244.30,244.80,45,555,266.88,,,
2024-01-15 10:21:35,tf,NFO,35510,244.40,38.90,1705294295,,,,,,,,,
2024-01-15 10:21:35,tf,NFO,35510,244.40,38.90,1705294295,,,,,,,,,
2024-01-15 10:21:36,tf,NFO,35510,245.55,39.56,1705294296,,,,,,,,,
2024-01-15 10:21:36,tf,NFO,35510,245.55,39.56,1705294296,,,,,,,,,
2024-01-15 10:21:36,tf,NFO,35510,245.15,39.33,1705294296,37236615,245.10,245.55,195,90,,,,
2024-01-15 10:21:36,tf,NFO,35510,245.15,39.33,1705294296,37236615,245.10,245.55,195,90,,,,
2024-01-15 10:21:37,tf,NFO,35510,245.45,39.50,1705294297,37237350,244.95,245.40,120,105,,,,
2024-01-15 10:21:37,tf,NFO,35510,245.45,39.50,1705294297,37237350,244.95,245.40,120,105,,,,
2024-01-15 10:21:37,tf,NFO,35510,244.75,39.10,1705294297,,,,,,,,,
2024-01-15 10:21:37,tf,NFO,35510,244.75,39.10,1705294297,,,,,,,,,
2024-01-15 10:21:38,tf,NFO,35510,244.20,38.79,1705294298,37240425,244.20,244.70,435,210,,,,
2024-01-15 10:21:38,tf,NFO,35510,244.20,38.79,1705294298,37240425,244.20,244.70,435,210,,,,
2024-01-15 10:21:38,tf,NFO,35510,244.80,39.13,1705294298,,,,,,,,,
2024-01-15 10:21:38,tf,NFO,35510,244.80,39.13,1705294298,,,,,,,,,
2024-01-15 10:21:39,tf,NFO,35510,246.00,39.81,1705294299,37245780,245.60,246.00,105,945,,,,
2024-01-15 10:21:39,tf,NFO,35510,246.00,39.81,1705294299,37245780,245.60,246.00,105,945,,,,
2024-01-15 10:21:39,tf,NFO,35510,245.80,39.70,1705294299,,,,,,,,,
2024-01-15 10:21:39,tf,NFO,35510,245.80,39.70,1705294299,,,,,,,,,
2024-01-15 10:21:40,tf,NFO,35510,246.50,40.10,1705294300,,,,,,,,,
2024-01-15 10:21:40,tf,NFO,35510,246.50,40.10,1705294300,,,,,,,,,
2024-01-15 10:21:40,tf,NFO,35510,246.80,40.27,1705294300,37249995,246.45,246.75,75,195,266.87,,,
2024-01-15 10:21:40,tf,NFO,35510,246.80,40.27,1705294300,37249995,246.45,246.75,75,195,266.87,,,
2024-01-15 10:21:41,tf,NFO,35510,246.75,40.24,1705294301,37253955,246.40,246.70,,45,,,,
2024-01-15 10:21:41,tf,NFO,35510,246.75,40.24,1705294301,37253955,246.40,246.70,,45,,,,
2024-01-15 10:21:41,tf,NFO,35510,246.10,39.87,1705294301,,,,,,,,,
2024-01-15 10:21:41,tf,NFO,35510,246.10,39.87,1705294301,,,,,,,,,
2024-01-15 10:21:42,tf,NFO,35510,246.20,39.93,1705294302,37255725,245.75,246.20,120,210,,,,
2024-01-15 10:21:42,tf,NFO,35510,246.20,39.93,1705294302,37255725,245.75,246.20,120,210,,,,
2024-01-15 10:21:42,tf,NFO,35510,246.10,39.87,1705294302,,,,,,,,,
2024-01-15 10:21:42,tf,NFO,35510,246.10,39.87,1705294302,,,,,,,,,
2024-01-15 10:21:43,tf,NFO,35510,245.20,39.36,1705294303,37256490,245.50,245.90,225,15,,,,
2024-01-15 10:21:43,tf,NFO,35510,245.20,39.36,1705294303,37256490,245.50,245.90,225,15,,,,
2024-01-15 10:21:43,tf,NFO,35510,245.95,39.78,1705294303,,,,,,,,,
2024-01-15 10:21:43,tf,NFO,35510,245.95,39.78,1705294303,,,,,,,,,
2024-01-15 10:21:44,tf,NFO,35510,246.15,39.90,1705294304,37258830,245.90,246.40,105,585,,,,
2024-01-15 10:21:44,tf,NFO,35510,246.15,39.90,1705294304,37258830,245.90,246.40,105,585,,,,
2024-01-15 10:21:44,tf,NFO,35510,246.60,40.15,1705294304,,,,,,,,,
2024-01-15 10:21:44,tf,NFO,35510,246.60,40.15,1705294304,,,,,,,,,
2024-01-15 10:21:45,tf,NFO,35510,247.05,40.41,1705294305,37260945,246.60,247.00,15,255,,,,
2024-01-15 10:21:45,tf,NFO,35510,247.05,40.41,1705294305,37260945,246.60,247.00,15,255,,,,
2024-01-15 10:21:46,tf,NFO,35510,246.35,40.01,1705294306,,,,,,,,,
2024-01-15 10:21:46,tf,NFO,35510,246.35,40.01,1705294306,,,,,,,,,
2024-01-15 10:21:46,tf,NFO,35510,246.30,39.98,1705294306,37262955,245.85,246.35,30,,,,,
2024-01-15 10:21:46,tf,NFO,35510,246.30,39.98,1705294306,37262955,245.85,246.35,30,,,,,
2024-01-15 10:21:47,tf,NFO,35510,246.20,39.93,1705294307,37263720,245.75,246.20,60,90,,,,
2024-01-15 10:21:47,tf,NFO,35510,246.20,39.93,1705294307,37263720,245.75,246.20,60,90,,,,
2024-01-15 10:21:47,tf,NFO,35510,246.65,40.18,1705294307,,,,,,,,,
2024-01-15 10:21:47,tf,NFO,35510,246.65,40.18,1705294307,,,,,,,,,
2024-01-15 10:21:48,tf,NFO,35510,245.80,39.70,1705294308,37265280,246.00,246.45,105,60,266.86,,,
2024-01-15 10:21:48,tf,NFO,35510,245.80,39.70,1705294308,37265280,246.00,246.45,105,60,266.86,,,
2024-01-15 10:21:48,tf,NFO,35510,246.30,39.98,1705294308,,,,,,,,,
2024-01-15 10:21:48,tf,NFO,35510,246.30,39.98,1705294308,,,,,,,,,
2024-01-15 10:21:49,tf,NFO,35510,247.00,40.38,1705294309,37267020,247.00,247.40,60,105,,,,
2024-01-15 10:21:49,tf,NFO,35510,247.00,40.38,1705294309,37267020,247.00,247.40,60,105,,,,
2024-01-15 10:21:49,tf,NFO,35510,247.25,40.52,1705294309,,,,,,,,,
2024-01-15 10:21:49,tf,NFO,35510,247.25,40.52,1705294309,,,,,,,,,
2024-01-15 10:21:50,tf,NFO,35510,246.30,39.98,1705294310,37271085,246.30,246.75,15,660,,,,
2024-01-15 10:21:50,tf,NFO,35510,246.30,39.98,1705294310,37271085,246.30,246.75,15,660,,,,
2024-01-15 10:21:50,tf,NFO,35510,247.00,40.38,1705294310,,,,,,,,,
2024-01-15 10:21:50,tf,NFO,35510,247.00,40.38,1705294310,,,,,,,,,
2024-01-15 10:21:51,tf,NFO,35510,247.30,40.55,1705294311,37273995,246.90,247.30,,150,,,,
2024-01-15 10:21:51,tf,NFO,35510,247.30,40.55,1705294311,37273995,246.90,247.30,,150,,,,
2024-01-15 10:21:51,tf,NFO,35510,247.25,40.52,1705294311,,,,,,,,,
2024-01-15 10:21:51,tf,NFO,35510,247.25,40.52,1705294311,,,,,,,,,
2024-01-15 10:21:52,tf,NFO,35510,247.20,40.49,1705294312,37275030,,247.20,,60,,,,
2024-01-15 10:21:52,tf,NFO,35510,247.20,40.49,1705294312,37275030,,247.20,,60,,,,
2024-01-15 10:21:52,tf,NFO,35510,247.10,40.44,1705294312,,,,,,,,,
2024-01-15 10:21:52,tf,NFO,35510,247.10,40.44,1705294312,,,,,,,,,
2024-01-15 10:21:53,tf,NFO,35510,248.00,40.95,1705294313,37279170,247.70,248.00,150,3525,,,,
2024-01-15 10:21:53,tf,NFO,35510,248.00,40.95,1705294313,37279170,247.70,248.00,150,3525,,,,
2024-01-15 10:21:53,tf,NFO,35510,248.10,41.01,1705294313,,,,,,,,,
2024-01-15 10:21:53,tf,NFO,35510,248.10,41.01,1705294313,,,,,,,,,
2024-01-15 10:21:54,tf,NFO,35510,249.65,41.89,1705294314,37299690,249.65,250.00,15,14280,266.85,,,
2024-01-15 10:21:54,tf,NFO,35510,249.65,41.89,1705294314,37299690,249.65,250.00,15,14280,266.85,,,
2024-01-15 10:21:54,tf,NFO,35510,250.00,42.09,1705294314,,,,,,,,,
2024-01-15 10:21:54,tf,NFO,35510,250.00,42.09,1705294314,,,,,,,,,
2024-01-15 10:21:55,tf,NFO,35510,250.60,42.43,1705294315,37325505,250.30,250.80,240,315,266.84,,,
2024-01-15 10:21:55,tf,NFO,35510,250.60,42.43,1705294315,37325505,250.30,250.80,240,315,266.84,,,
2024-01-15 10:21:55,tf,NFO,35510,250.45,42.34,1705294315,,,,,,,,,
2024-01-15 10:21:55,tf,NFO,35510,250.45,42.34,1705294315,,,,,,,,,
2024-01-15 10:21:56,tf,NFO,35510,249.75,41.94,1705294316,37334550,249.50,249.75,45,390,266.83,,,
2024-01-15 10:21:56,tf,NFO,35510,249.75,41.94,1705294316,37334550,249.50,249.75,45,390,266.83,,,
2024-01-15 10:21:56,tf,NFO,35510,249.65,41.89,1705294316,,,,,,,,,
2024-01-15 10:21:56,tf,NFO,35510,249.65,41.89,1705294316,,,,,,,,,
2024-01-15 10:21:57,tf,NFO,35510,249.95,42.06,1705294317,37341000,249.60,249.95,75,30,,,,
2024-01-15 10:21:57,tf,NFO,35510,249.95,42.06,1705294317,37341000,249.60,249.95,75,30,,,,
2024-01-15 10:21:57,tf,NFO,35510,250.10,42.14,1705294317,,,,,,,,,
2024-01-15 10:21:57,tf,NFO,35510,250.10,42.14,1705294317,,,,,,,,,
2024-01-15 10:21:58,tf,NFO,35510,249.55,41.83,1705294318,37348950,249.50,249.55,15,75,,,,
2024-01-15 10:21:58,tf,NFO,35510,249.55,41.83,1705294318,37348950,249.50,249.55,15,75,,,,
2024-01-15 10:21:58,tf,NFO,35510,250.25,42.23,1705294318,,,,,,,,,
2024-01-15 10:21:58,tf,NFO,35510,250.25,42.23,1705294318,,,,,,,,,
2024-01-15 10:21:59,tf,NFO,35510,249.50,41.80,1705294319,37356510,,249.85,,330,266.82,,,
2024-01-15 10:21:59,tf,NFO,35510,249.50,41.80,1705294319,37356510,,249.85,,330,266.82,,,
2024-01-15 10:21:59,tf,NFO,35510,250.55,42.40,1705294319,,,,,,,,,
2024-01-15 10:21:59,tf,NFO,35510,250.55,42.40,1705294319,,,,,,,,,
2024-01-15 10:22:00,tf,NFO,35510,249.50,41.80,1705294320,37365150,,250.00,180,705,,,,
2024-01-15 10:22:00,tf,NFO,35510,249.50,41.80,1705294320,37365150,,250.00,180,705,,,,
2024-01-15 10:22:00,tf,NFO,35510,249.00,41.52,1705294320,,,,,,,,,
2024-01-15 10:22:00,tf,NFO,35510,249.00,41.52,1705294320,,,,,,,,,
2024-01-15 10:22:01,tf,NFO,35510,250.00,42.09,1705294321,37376895,249.80,250.10,195,30,266.81,,,
2024-01-15 10:22:01,tf,NFO,35510,250.00,42.09,1705294321,37376895,249.80,250.10,195,30,266.81,,,
2024-01-15 10:22:01,tf,NFO,35510,250.65,42.46,1705294321,,,,,,,,,
2024-01-15 10:22:01,tf,NFO,35510,250.65,42.46,1705294321,,,,,,,,,
2024-01-15 10:22:02,tf,NFO,35510,249.80,41.97,1705294322,37381110,,250.15,165,105,,,,
2024-01-15 10:22:02,tf,NFO,35510,249.80,41.97,1705294322,37381110,,250.15,165,105,,,,
2024-01-15 10:22:02,tf,NFO,35510,249.25,41.66,1705294322,,,,,,,,,
2024-01-15 10:22:02,tf,NFO,35510,249.25,41.66,1705294322,,,,,,,,,
2024-01-15 10:22:03,tf,NFO,35510,249.60,41.86,1705294323,37387170,249.15,249.55,45,15,,,,
2024-01-15 10:22:03,tf,NFO,35510,249.60,41.86,1705294323,37387170,249.15,249.55,45,15,,,,
2024-01-15 10:22:04,tf,NFO,35510,250.05,42.11,1705294324,37390350,249.45,249.95,405,120,,,,
2024-01-15 10:22:04,tf,NFO,35510,250.05,42.11,1705294324,37390350,249.45,249.95,405,120,,,,
2024-01-15 10:22:04,tf,NFO,35510,249.15,41.60,1705294324,,,,,,,,,
2024-01-15 10:22:04,tf,NFO,35510,249.15,41.60,1705294324,,,,,,,,,
2024-01-15 10:22:05,tf,NFO,35510,249.80,41.97,1705294325,37391805,249.20,249.70,450,75,,,,
2024-01-15 10:22:05,tf,NFO,35510,249.80,41.97,1705294325,37391805,249.20,249.70,450,75,,,,
2024-01-15 10:22:05,tf,NFO,35510,249.70,41.92,1705294325,,,,,,,,,
2024-01-15 10:22:05,tf,NFO,35510,249.70,41.92,1705294325,,,,,,,,,
2024-01-15 10:22:06,tf,NFO,35510,248.85,41.43,1705294326,37397070,248.75,249.15,30,180,266.80,,,
2024-01-15 10:22:06,tf,NFO,35510,248.85,41.43,1705294326,37397070,248.75,249.15,30,180,266.80,,,
2024-01-15 10:22:06,tf,NFO,35510,249.05,41.55,1705294326,,,,,,,,,
2024-01-15 10:22:06,tf,NFO,35510,249.05,41.55,1705294326,,,,,,,,,
2024-01-15 10:22:07,tf,NFO,35510,248.35,41.15,1705294327,37399530,248.35,248.60,195,15,,,,
2024-01-15 10:22:07,tf,NFO,35510,248.35,41.15,1705294327,37399530,248.35,248.60,195,15,,,,
2024-01-15 10:22:07,tf,NFO,35510,248.75,41.38,1705294327,,,,,,,,,
2024-01-15 10:22:07,tf,NFO,35510,248.75,41.38,1705294327,,,,,,,,,
2024-01-15 10:22:08,tf,NFO,35510,247.45,40.64,1705294328,,,,,,,,,
2024-01-15 10:22:08,tf,NFO,35510,247.45,40.64,1705294328,,,,,,,,,
2024-01-15 10:22:08,tf,NFO,35510,247.65,40.75,1705294328,37406025,247.35,247.60,150,,,,,
2024-01-15 10:22:08,tf,NFO,35510,247.65,40.75,1705294328,37406025,247.35,247.60,150,,,,,
2024-01-15 10:22:09,tf,NFO,35510,248.15,41.03,1705294329,37407390,247.80,248.15,285,,,,,
2024-01-15 10:22:09,tf,NFO,35510,248.15,41.03,1705294329,37407390,247.80,248.15,285,,,,,
2024-01-15 10:22:09,tf,NFO,35510,248.60,41.29,1705294329,,,,,,,,,
2024-01-15 10:22:09,tf,NFO,35510,248.60,41.29,1705294329,,,,,,,,,
2024-01-15 10:22:10,tf,NFO,35510,246.85,40.30,1705294330,37410600,246.75,247.00,240,,,,,
2024-01-15 10:22:10,tf,NFO,35510,246.85,40.30,1705294330,37410600,246.75,247.00,240,,,,,
2024-01-15 10:22:10,tf,NFO,35510,247.30,40.55,1705294330,,,,,,,,,
2024-01-15 10:22:10,tf,NFO,35510,247.30,40.55,1705294330,,,,,,,,,
2024-01-15 10:22:11,tf,NFO,35510,248.15,41.03,1705294331,37412820,248.00,248.30,225,,,,,
2024-01-15 10:22:11,tf,NFO,35510,248.15,41.03,1705294331,37412820,248.00,248.30,225,,,,,
2024-01-15 10:22:11,tf,NFO,35510,248.60,41.29,1705294331,,,,,,,,,
2024-01-15 10:22:11,tf,NFO,35510,248.60,41.29,1705294331,,,,,,,,,
2024-01-15 10:22:12,tf,NFO,35510,247.70,40.78,1705294332,37413870,247.70,247.95,60,,266.79,,,
2024-01-15 10:22:12,tf,NFO,35510,247.70,40.78,1705294332,37413870,247.70,247.95,60,,266.79,,,
2024-01-15 10:22:12,tf,NFO,35510,247.55,40.69,1705294332,,,,,,,,,
2024-01-15 10:22:12,tf,NFO,35510,247.55,40.69,1705294332,,,,,,,,,
2024-01-15 10:22:13,tf,NFO,35510,248.45,41.20,1705294333,37418130,248.10,248.45,,,,,,
2024-01-15 10:22:13,tf,NFO,35510,248.45,41.20,1705294333,37418130,248.10,248.45,,,,,,
2024-01-15 10:22:13,tf,NFO,35510,248.20,41.06,1705294333,,,,,,,,,
2024-01-15 10:22:13,tf,NFO,35510,248.20,41.06,1705294333,,,,,,,,,
2024-01-15 10:22:14,tf,NFO,35510,249.50,41.80,1705294334,,,,,,,,,
2024-01-15 10:22:14,tf,NFO,35510,249.50,41.80,1705294334,,,,,,,,,
2024-01-15 10:22:14,tf,NFO,35510,249.00,41.52,1705294334,37422105,249.00,249.45,225,,,,,
2024-01-15 10:22:14,tf,NFO,35510,249.00,41.52,1705294334,37422105,249.00,249.45,225,,,,,
2024-01-15 10:22:15,tf,NFO,35510,248.80,41.40,1705294335,37424625,248.50,248.80,195,,,,,
2024-01-15 10:22:15,tf,NFO,35510,248.80,41.40,1705294335,37424625,248.50,248.80,195,,,,,
2024-01-15 10:22:16,tf,NFO,35510,248.45,41.20,1705294336,,,,,,,,,
2024-01-15 10:22:16,tf,NFO,35510,248.45,41.20,1705294336,,,,,,,,,
2024-01-15 10:22:17,tf,NFO,35510,249.10,41.57,1705294337,37432740,249.15,249.40,240,,,,,
2024-01-15 10:22:17,tf,NFO,35510,249.10,41.57,1705294337,37432740,249.15,249.40,240,,,,,
2024-01-15 10:22:17,tf,NFO,35510,249.65,41.89,1705294337,,,,,,,,,
2024-01-15 10:22:17,tf,NFO,35510,249.65,41.89,1705294337,,,,,,,,,
2024-01-15 10:22:18,tf,NFO,35510,249.05,41.55,1705294338,37435995,248.60,248.95,45,120,266.78,,,
2024-01-15 10:22:18,tf,NFO,35510,249.05,41.55,1705294338,37435995,248.60,248.95,45,120,266.78,,,
2024-01-15 10:22:18,tf,NFO,35510,248.70,41.35,1705294338,,,,,,,,,
2024-01-15 10:22:18,tf,NFO,35510,248.70,41.35,1705294338,,,,,,,,,
2024-01-15 10:22:19,tf,NFO,35510,249.30,41.69,1705294339,37438500,,249.00,15,105,,,,
2024-01-15 10:22:19,tf,NFO,35510,249.30,41.69,1705294339,37438500,,249.00,15,105,,,,
2024-01-15 10:22:19,tf,NFO,35510,248.70,41.35,1705294339,,,,,,,,,
2024-01-15 10:22:19,tf,NFO,35510,248.70,41.35,1705294339,,,,,,,,,
2024-01-15 10:22:20,tf,NFO,35510,247.25,40.52,1705294340,,,,,,,,,
2024-01-15 10:22:20,tf,NFO,35510,247.25,40.52,1705294340,,,,,,,,,
2024-01-15 10:22:20,tf,NFO,35510,247.65,40.75,1705294340,37440990,247.60,247.95,120,15,,,,
2024-01-15 10:22:20,tf,NFO,35510,247.65,40.75,1705294340,37440990,247.60,247.95,120,15,,,,
2024-01-15 10:22:21,tf,NFO,35510,247.95,40.92,1705294341,37442115,247.85,248.30,45,,,,,
2024-01-15 10:22:21,tf,NFO,35510,247.95,40.92,1705294341,37442115,247.85,248.30,45,,,,,
2024-01-15 10:22:21,tf,NFO,35510,248.45,41.20,1705294341,,,,,,,,,
2024-01-15 10:22:21,tf,NFO,35510,248.45,41.20,1705294341,,,,,,,,,
2024-01-15 10:22:22,tf,NFO,35510,248.00,40.95,1705294342,37443870,248.00,248.25,360,,,,,
2024-01-15 10:22:22,tf,NFO,35510,248.00,40.95,1705294342,37443870,248.00,248.25,360,,,,,
2024-01-15 10:22:22,tf,NFO,35510,248.25,41.09,1705294342,,,,,,,,,
2024-01-15 10:22:22,tf,NFO,35510,248.25,41.09,1705294342,,,,,,,,,
2024-01-15 10:22:23,tf,NFO,35510,247.75,40.81,1705294343,37446750,247.45,247.75,120,135,,,,
2024-01-15 10:22:23,tf,NFO,35510,247.75,40.81,1705294343,37446750,247.45,247.75,120,135,,,,
2024-01-15 10:22:23,tf,NFO,35510,247.80,40.84,1705294343,,,,,,,,,
2024-01-15 10:22:23,tf,NFO,35510,247.80,40.84,1705294343,,,,,,,,,
2024-01-15 10:22:24,tf,NFO,35510,247.70,40.78,1705294344,,,,,,,,,
2024-01-15 10:22:24,tf,NFO,35510,247.70,40.78,1705294344,,,,,,,,,
2024-01-15 10:22:24,tf,NFO,35510,248.40,41.18,1705294344,37455705,247.85,248.25,135,270,266.77,,,
2024-01-15 10:22:24,tf,NFO,35510,248.40,41.18,1705294344,37455705,247.85,248.25,135,270,266.77,,,
2024-01-15 10:22:25,tf,NFO,35510,247.80,40.84,1705294345,37456080,247.35,247.80,540,90,,,,
2024-01-15 10:22:25,tf,NFO,35510,247.80,40.84,1705294345,37456080,247.35,247.80,540,90,,,,
2024-01-15 10:22:25,tf,NFO,35510,248.30,41.12,1705294345,,,,,,,,,
2024-01-15 10:22:25,tf,NFO,35510,248.30,41.12,1705294345,,,,,,,,,
2024-01-15 10:22:26,tf,NFO,35510,249.35,41.72,1705294346,37458690,249.40,249.80,75,105,,,,
2024-01-15 10:22:26,tf,NFO,35510,249.35,41.72,1705294346,37458690,249.40,249.80,75,105,,,,
2024-01-15 10:22:26,tf,NFO,35510,249.55,41.83,1705294346,,,,,,,,,
2024-01-15 10:22:26,tf,NFO,35510,249.55,41.83,1705294346,,,,,,,,,
2024-01-15 10:22:27,tf,NFO,35510,249.00,41.52,1705294347,37460880,248.95,249.35,135,75,,,,
2024-01-15 10:22:27,tf,NFO,35510,249.00,41.52,1705294347,37460880,248.95,249.35,135,75,,,,
2024-01-15 10:22:27,tf,NFO,35510,248.70,41.35,1705294347,,,,,,,,,
2024-01-15 10:22:27,tf,NFO,35510,248.70,41.35,1705294347,,,,,,,,,
2024-01-15 10:22:28,tf,NFO,35510,248.85,41.43,1705294348,37464135,248.85,249.30,150,465,,,,
2024-01-15 10:22:28,tf,NFO,35510,248.85,41.43,1705294348,37464135,248.85,249.30,150,465,,,,
2024-01-15 10:22:28,tf,NFO,35510,249.85,42.00,1705294348,,,,,,,,,
2024-01-15 10:22:28,tf,NFO,35510,249.85,42.00,1705294348,,,,,,,,,
2024-01-15 10:22:29,tf,NFO,35510,250.70,42.48,1705294349,37471965,250.60,250.70,15,15,,,,
2024-01-15 10:22:29,tf,NFO,35510,250.70,42.48,1705294349,37471965,250.60,250.70,15,15,,,,
2024-01-15 10:22:29,tf,NFO,35510,252.75,43.65,1705294349,,,,,,,,,
2024-01-15 10:22:29,tf,NFO,35510,252.75,43.65,1705294349,,,,,,,,,
2024-01-15 10:22:30,tf,NFO,35510,252.30,43.39,1705294350,37491360,252.35,252.60,,75,266.76,,,
2024-01-15 10:22:30,tf,NFO,35510,252.30,43.39,1705294350,37491360,252.35,252.60,,75,266.76,,,
2024-01-15 10:22:30,tf,NFO,35510,252.50,43.51,1705294350,,,,,,,,,
2024-01-15 10:22:30,tf,NFO,35510,252.50,43.51,1705294350,,,,,,,,,
2024-01-15 10:22:31,tf,NFO,35510,253.30,43.96,1705294351,37500600,253.10,253.50,45,15,,,,
2024-01-15 10:22:31,tf,NFO,35510,253.30,43.96,1705294351,37500600,253.10,253.50,45,15,,,,
2024-01-15 10:22:31,tf,NFO,35510,252.60,43.56,1705294351,,,,,,,,,
2024-01-15 10:22:31,tf,NFO,35510,252.60,43.56,1705294351,,,,,,,,,
2024-01-15 10:22:32,tf,NFO,35510,251.85,43.14,1705294352,37507125,251.75,252.20,135,60,266.75,,,
2024-01-15 10:22:32,tf,NFO,35510,251.85,43.14,1705294352,37507125,251.75,252.20,135,60,266.75,,,
2024-01-15 10:22:32,tf,NFO,35510,251.30,42.82,1705294352,,,,,,,,,
2024-01-15 10:22:32,tf,NFO,35510,251.30,42.82,1705294352,,,,,,,,,
2024-01-15 10:22:33,tf,NFO,35510,251.10,42.71,1705294353,37512570,250.50,250.95,15,225,,,,
2024-01-15 10:22:33,tf,NFO,35510,251.10,42.71,1705294353,37512570,250.50,250.95,15,225,,,,
2024-01-15 10:22:33,tf,NFO,35510,251.05,42.68,1705294353,,,,,,,,,
2024-01-15 10:22:33,tf,NFO,35510,251.05,42.68,1705294353,,,,,,,,,
2024-01-15 10:22:34,tf,NFO,35510,252.10,43.28,1705294354,37515375,251.70,252.10,45,210,,,,
2024-01-15 10:22:34,tf,NFO,35510,252.10,43.28,1705294354,37515375,251.70,252.10,45,210,,,,
2024-01-15 10:22:34,tf,NFO,35510,251.90,43.17,1705294354,,,,,,,,,
2024-01-15 10:22:34,tf,NFO,35510,251.90,43.17,1705294354,,,,,,,,,
2024-01-15 10:22:35,tf,NFO,35510,253.25,43.93,1705294355,37518285,252.90,253.30,30,15,,,,
2024-01-15 10:22:35,tf,NFO,35510,253.25,43.93,1705294355,37518285,252.90,253.30,30,15,,,,
2024-01-15 10:22:35,tf,NFO,35510,253.10,43.85,1705294355,,,,,,,,,
2024-01-15 10:22:35,tf,NFO,35510,253.10,43.85,1705294355,,,,,,,,,
2024-01-15 10:22:36,tf,NFO,35510,253.35,43.99,1705294356,37525035,252.95,253.35,90,210,,,,
2024-01-15 10:22:36,tf,NFO,35510,253.35,43.99,1705294356,37525035,252.95,253.35,90,210,,,,
2024-01-15 10:22:36,tf,NFO,35510,252.80,43.68,1705294356,,,,,,,,,
2024-01-15 10:22:36,tf,NFO,35510,252.80,43.68,1705294356,,,,,,,,,
2024-01-15 10:22:37,tf,NFO,35510,253.60,44.13,1705294357,37539075,253.60,254.00,105,90,266.74,,,
2024-01-15 10:22:37,tf,NFO,35510,253.60,44.13,1705294357,37539075,253.60,254.00,105,90,266.74,,,
2024-01-15 10:22:37,tf,NFO,35510,253.45,44.05,1705294357,,,,,,,,,
2024-01-15 10:22:37,tf,NFO,35510,253.45,44.05,1705294357,,,,,,,,,
2024-01-15 10:22:38,tf,NFO,35510,253.00,43.79,1705294358,37551390,252.65,253.00,135,225,,,,
2024-01-15 10:22:38,tf,NFO,35510,253.00,43.79,1705294358,37551390,252.65,253.00,135,225,,,,
2024-01-15 10:22:38,tf,NFO,35510,252.90,43.73,1705294358,,,,,,,,,
2024-01-15 10:22:38,tf,NFO,35510,252.90,43.73,1705294358,,,,,,,,,
2024-01-15 10:22:39,tf,NFO,35510,252.45,43.48,1705294359,37563390,251.95,252.35,75,135,266.73,,,
2024-01-15 10:22:39,tf,NFO,35510,252.45,43.48,1705294359,37563390,251.95,252.35,75,135,266.73,,,
2024-01-15 10:22:39,tf,NFO,35510,252.30,43.39,1705294359,,,,,,,,,
2024-01-15 10:22:39,tf,NFO,35510,252.30,43.39,1705294359,,,,,,,,,
2024-01-15 10:22:40,tf,NFO,35510,252.10,43.28,1705294360,37567125,251.75,252.10,15,495,,,,
2024-01-15 10:22:40,tf,NFO,35510,252.10,43.28,1705294360,37567125,251.75,252.10,15,495,,,,
2024-01-15 10:22:40,tf,NFO,35510,252.00,43.22,1705294360,,,,,,,,,
2024-01-15 10:22:40,tf,NFO,35510,252.00,43.22,1705294360,,,,,,,,,
2024-01-15 10:22:41,tf,NFO,35510,251.75,43.08,1705294361,,,,,,,,,
2024-01-15 10:22:41,tf,NFO,35510,251.75,43.08,1705294361,,,,,,,,,
2024-01-15 10:22:42,tf,NFO,35510,252.45,43.48,1705294362,37572030,251.90,252.35,60,165,,,,
2024-01-15 10:22:42,tf,NFO,35510,252.45,43.48,1705294362,37572030,251.90,252.35,60,165,,,,
2024-01-15 10:22:42,tf,NFO,35510,252.05,43.25,1705294362,,,,,,,,,
2024-01-15 10:22:42,tf,NFO,35510,252.05,43.25,1705294362,,,,,,,,,
2024-01-15 10:22:43,tf,NFO,35510,251.30,42.82,1705294363,37579140,251.00,251.25,15,15,,,,
2024-01-15 10:22:43,tf,NFO,35510,251.30,42.82,1705294363,37579140,251.00,251.25,15,15,,,,
2024-01-15 10:22:43,tf,NFO,35510,249.70,41.92,1705294363,,,,,,,,,
2024-01-15 10:22:43,tf,NFO,35510,249.70,41.92,1705294363,,,,,,,,,
2024-01-15 10:22:44,tf,NFO,35510,249.60,41.86,1705294364,37590675,249.60,250.00,645,1140,266.72,,,
2024-01-15 10:22:44,tf,NFO,35510,249.60,41.86,1705294364,37590675,249.60,250.00,645,1140,266.72,,,
2024-01-15 10:22:45,tf,NFO,35510,250.00,42.09,1705294365,37594665,249.65,250.10,150,285,,,,
2024-01-15 10:22:45,tf,NFO,35510,250.00,42.09,1705294365,37594665,249.65,250.10,150,285,,,,
2024-01-15 10:22:45,tf,NFO,35510,250.10,42.14,1705294365,,,,,,,,,
2024-01-15 10:22:45,tf,NFO,35510,250.10,42.14,1705294365,,,,,,,,,
2024-01-15 10:22:46,tf,NFO,35510,248.75,41.38,1705294366,37600395,248.60,248.95,375,15,,,,
2024-01-15 10:22:46,tf,NFO,35510,248.75,41.38,1705294366,37600395,248.60,248.95,375,15,,,,
2024-01-15 10:22:46,tf,NFO,35510,248.85,41.43,1705294366,,,,,,,,,
2024-01-15 10:22:46,tf,NFO,35510,248.85,41.43,1705294366,,,,,,,,,
2024-01-15 10:22:47,tf,NFO,35510,248.70,41.35,1705294367,37603500,248.45,248.85,225,105,,,,
2024-01-15 10:22:47,tf,NFO,35510,248.70,41.35,1705294367,37603500,248.45,248.85,225,105,,,,
2024-01-15 10:22:47,tf,NFO,35510,249.00,41.52,1705294367,,,,,,,,,
2024-01-15 10:22:47,tf,NFO,35510,249.00,41.52,1705294367,,,,,,,,,
2024-01-15 10:22:48,tf,NFO,35510,246.90,40.32,1705294368,37616325,246.45,247.00,135,150,266.71,,,
2024-01-15 10:22:48,tf,NFO,35510,246.90,40.32,1705294368,37616325,246.45,247.00,135,150,266.71,,,
2024-01-15 10:22:48,tf,NFO,35510,246.80,40.27,1705294368,,,,,,,,,
2024-01-15 10:22:48,tf,NFO,35510,246.80,40.27,1705294368,,,,,,,,,
2024-01-15 10:22:49,tf,NFO,35510,246.55,40.13,1705294369,37617915,,246.75,15,135,,,,
2024-01-15 10:22:49,tf,NFO,35510,246.55,40.13,1705294369,37617915,,246.75,15,135,,,,
2024-01-15 10:22:49,tf,NFO,35510,246.35,40.01,1705294369,,,,,,,,,
2024-01-15 10:22:49,tf,NFO,35510,246.35,40.01,1705294369,,,,,,,,,
2024-01-15 10:22:50,tf,NFO,35510,246.85,40.30,1705294370,37624440,246.75,247.15,,15,266.70,,,
2024-01-15 10:22:50,tf,NFO,35510,246.85,40.30,1705294370,37624440,246.75,247.15,,15,266.70,,,
2024-01-15 10:22:50,tf,NFO,35510,247.30,40.55,1705294370,,,,,,,,,
2024-01-15 10:22:50,tf,NFO,35510,247.30,40.55,1705294370,,,,,,,,,
2024-01-15 10:22:51,tf,NFO,35510,246.80,40.27,1705294371,37630170,246.30,246.75,480,,,,,
2024-01-15 10:22:51,tf,NFO,35510,246.80,40.27,1705294371,37630170,246.30,246.75,480,,,,,
2024-01-15 10:22:51,tf,NFO,35510,246.95,40.35,1705294371,,,,,,,,,
2024-01-15 10:22:51,tf,NFO,35510,246.95,40.35,1705294371,,,,,,,,,
2024-01-15 10:22:52,tf,NFO,35510,246.60,40.15,1705294372,37634490,246.25,246.60,30,135,,,,
2024-01-15 10:22:52,tf,NFO,35510,246.60,40.15,1705294372,37634490,246.25,246.60,30,135,,,,
2024-01-15 10:22:52,tf,NFO,35510,246.15,39.90,1705294372,,,,,,,,,
2024-01-15 10:22:52,tf,NFO,35510,246.15,39.90,1705294372,,,,,,,,,
2024-01-15 10:22:53,tf,NFO,35510,247.00,40.38,1705294373,37640595,246.55,246.90,15,45,,,,
2024-01-15 10:22:53,tf,NFO,35510,247.00,40.38,1705294373,37640595,246.55,246.90,15,45,,,,
2024-01-15 10:22:53,tf,NFO,35510,246.65,40.18,1705294373,,,,,,,,,
2024-01-15 10:22:53,tf,NFO,35510,246.65,40.18,1705294373,,,,,,,,,
2024-01-15 10:22:54,tf,NFO,35510,247.15,40.47,1705294374,37641165,247.00,247.05,30,15,,,,
2024-01-15 10:22:54,tf,NFO,35510,247.15,40.47,1705294374,37641165,247.00,247.05,30,15,,,,
2024-01-15 10:22:54,tf,NFO,35510,246.30,39.98,1705294374,,,,,,,,,
2024-01-15 10:22:54,tf,NFO,35510,246.30,39.98,1705294374,,,,,,,,,
2024-01-15 10:22:55,tf,NFO,35510,247.50,40.66,1705294375,37644510,247.15,247.50,90,345,266.69,,,
2024-01-15 10:22:55,tf,NFO,35510,247.50,40.66,1705294375,37644510,247.15,247.50,90,345,266.69,,,
2024-01-15 10:22:56,tf,NFO,35510,246.80,40.27,1705294376,37646145,247.20,,270,15,,,,
2024-01-15 10:22:56,tf,NFO,35510,246.80,40.27,1705294376,37646145,247.20,,270,15,,,,
2024-01-15 10:22:56,tf,NFO,35510,247.55,40.69,1705294376,,,,,,,,,
2024-01-15 10:22:56,tf,NFO,35510,247.55,40.69,1705294376,,,,,,,,,
2024-01-15 10:22:57,tf,NFO,35510,247.80,40.84,1705294377,37647990,247.50,247.95,105,,,,,
2024-01-15 10:22:57,tf,NFO,35510,247.80,40.84,1705294377,37647990,247.50,247.95,105,,,,,
2024-01-15 10:22:57,tf,NFO,35510,247.50,40.66,1705294377,,,,,,,,,
2024-01-15 10:22:57,tf,NFO,35510,247.50,40.66,1705294377,,,,,,,,,
2024-01-15 10:22:58,tf,NFO,35510,247.20,40.49,1705294378,37653045,246.75,247.20,120,120,,,,
2024-01-15 10:22:58,tf,NFO,35510,247.20,40.49,1705294378,37653045,246.75,247.20,120,120,,,,
2024-01-15 10:22:58,tf,NFO,35510,247.35,40.58,1705294378,,,,,,,,,
2024-01-15 10:22:58,tf,NFO,35510,247.35,40.58,1705294378,,,,,,,,,
2024-01-15 10:22:59,tf,NFO,35510,247.90,40.89,1705294379,37654830,247.45,248.00,300,840,,,,
2024-01-15 10:22:59,tf,NFO,35510,247.90,40.89,1705294379,37654830,247.45,248.00,300,840,,,,
2024-01-15 10:22:59,tf,NFO,35510,247.80,40.84,1705294379,,,,,,,,,
2024-01-15 10:22:59,tf,NFO,35510,247.80,40.84,1705294379,,,,,,,,,
2024-01-15 10:23:00,tf,NFO,35510,247.10,40.44,1705294380,37655910,247.10,247.40,15,60,,,,
2024-01-15 10:23:00,tf,NFO,35510,247.10,40.44,1705294380,37655910,247.10,247.40,15,60,,,,
2024-01-15 10:23:00,tf,NFO,35510,247.80,40.84,1705294380,,,,,,,,,
2024-01-15 10:23:00,tf,NFO,35510,247.80,40.84,1705294380,,,,,,,,,
2024-01-15 10:23:01,tf,NFO,35510,247.20,40.49,1705294381,37660005,247.00,247.35,45,15,,,,
2024-01-15 10:23:01,tf,NFO,35510,247.20,40.49,1705294381,37660005,247.00,247.35,45,15,,,,
2024-01-15 10:23:01,tf,NFO,35510,246.90,40.32,1705294381,,,,,,,,,
2024-01-15 10:23:01,tf,NFO,35510,246.90,40.32,1705294381,,,,,,,,,
2024-01-15 10:23:02,tf,NFO,35510,247.20,40.49,1705294382,,,,,,,,,
2024-01-15 10:23:02,tf,NFO,35510,247.20,40.49,1705294382,,,,,,,,,
2024-01-15 10:23:02,tf,NFO,35510,247.45,40.64,1705294382,37664235,,,120,75,266.68,,,
2024-01-15 10:23:02,tf,NFO,35510,247.45,40.64,1705294382,37664235,,,120,75,266.68,,,
2024-01-15 10:23:03,tf,NFO,35510,246.70,40.21,1705294383,37666575,246.30,246.70,,60,,,,
2024-01-15 10:23:03,tf,NFO,35510,246.70,40.21,1705294383,37666575,246.30,246.70,,60,,,,
2024-01-15 10:23:03,tf,NFO,35510,246.75,40.24,1705294383,,,,,,,,,
2024-01-15 10:23:03,tf,NFO,35510,246.75,40.24,1705294383,,,,,,,,,
2024-01-15 10:23:04,tf,NFO,35510,247.55,40.69,1705294384,,,,,,,,,
2024-01-15 10:23:04,tf,NFO,35510,247.55,40.69,1705294384,,,,,,,,,
2024-01-15 10:23:05,tf,NFO,35510,246.60,40.15,1705294385,37670685,246.60,247.00,150,75,,,,
2024-01-15 10:23:05,tf,NFO,35510,246.60,40.15,1705294385,37670685,246.60,247.00,150,75,,,,
2024-01-15 10:23:05,tf,NFO,35510,246.75,40.24,1705294385,,,,,,,,,
2024-01-15 10:23:05,tf,NFO,35510,246.75,40.24,1705294385,,,,,,,,,
2024-01-15 10:23:06,tf,NFO,35510,247.55,40.69,1705294386,37672500,247.05,247.55,750,255,,,,
2024-01-15 10:23:06,tf,NFO,35510,247.55,40.69,1705294386,37672500,247.05,247.55,750,255,,,,
2024-01-15 10:23:06,tf,NFO,35510,247.45,40.64,1705294386,,,,,,,,,
2024-01-15 10:23:06,tf,NFO,35510,247.45,40.64,1705294386,,,,,,,,,
2024-01-15 10:23:07,tf,NFO,35510,247.15,40.47,1705294387,37674555,246.75,247.15,75,105,,,,
2024-01-15 10:23:07,tf,NFO,35510,247.15,40.47,1705294387,37674555,246.75,247.15,75,105,,,,
2024-01-15 10:23:07,tf,NFO,35510,247.30,40.55,1705294387,,,,,,,,,
2024-01-15 10:23:07,tf,NFO,35510,247.30,40.55,1705294387,,,,,,,,,
2024-01-15 10:23:08,tf,NFO,35510,246.80,40.27,1705294388,37677075,246.85,247.25,,180,,,,
2024-01-15 10:23:08,tf,NFO,35510,246.80,40.27,1705294388,37677075,246.85,247.25,,180,,,,
2024-01-15 10:23:08,tf,NFO,35510,247.45,40.64,1705294388,,,,,,,,,
2024-01-15 10:23:08,tf,NFO,35510,247.45,40.64,1705294388,,,,,,,,,
2024-01-15 10:23:09,tf,NFO,35510,247.55,40.69,1705294389,37678845,247.15,247.55,210,405,,,,
2024-01-15 10:23:09,tf,NFO,35510,247.55,40.69,1705294389,37678845,247.15,247.55,210,405,,,,
2024-01-15 10:23:09,tf,NFO,35510,247.45,40.64,1705294389,,,,,,,,,
2024-01-15 10:23:09,tf,NFO,35510,247.45,40.64,1705294389,,,,,,,,,
2024-01-15 10:23:10,tf,NFO,35510,246.55,40.13,1705294390,37680330,246.55,247.05,420,330,,,,
2024-01-15 10:23:10,tf,NFO,35510,246.55,40.13,1705294390,37680330,246.55,247.05,420,330,,,,
2024-01-15 10:23:10,tf,NFO,35510,247.65,40.75,1705294390,,,,,,,,,
2024-01-15 10:23:10,tf,NFO,35510,247.65,40.75,1705294390,,,,,,,,,
2024-01-15 10:23:11,tf,NFO,35510,248.00,40.95,1705294391,37682760,247.65,248.00,75,1320,266.67,,,
2024-01-15 10:23:11,tf,NFO,35510,248.00,40.95,1705294391,37682760,247.65,248.00,75,1320,266.67,,,
2024-01-15 10:23:11,tf,NFO,35510,247.95,40.92,1705294391,,,,,,,,,
2024-01-15 10:23:11,tf,NFO,35510,247.95,40.92,1705294391,,,,,,,,,
2024-01-15 10:23:12,tf,NFO,35510,247.25,40.52,1705294392,,,,,,,,,
2024-01-15 10:23:12,tf,NFO,35510,247.25,40.52,1705294392,,,,,,,,,
2024-01-15 10:23:12,tf,NFO,35510,246.10,39.87,1705294392,37685835,246.25,246.70,15,360,,,,
2024-01-15 10:23:12,tf,NFO,35510,246.10,39.87,1705294392,37685835,246.25,246.70,15,360,,,,
2024-01-15 10:23:13,tf,NFO,35510,246.80,40.27,1705294393,37691070,246.15,246.65,420,180,,,,
2024-01-15 10:23:13,tf,NFO,35510,246.80,40.27,1705294393,37691070,246.15,246.65,420,180,,,,
2024-01-15 10:23:13,tf,NFO,35510,246.65,40.18,1705294393,,,,,,,,,
2024-01-15 10:23:13,tf,NFO,35510,246.65,40.18,1705294393,,,,,,,,,
2024-01-15 10:23:14,tf,NFO,35510,247.45,40.64,1705294394,37693800,247.20,247.75,165,60,,,,
2024-01-15 10:23:14,tf,NFO,35510,247.45,40.64,1705294394,37693800,247.20,247.75,165,60,,,,
2024-01-15 10:23:14,tf,NFO,35510,247.95,40.92,1705294394,,,,,,,,,
2024-01-15 10:23:14,tf,NFO,35510,247.95,40.92,1705294394,,,,,,,,,
2024-01-15 10:23:15,tf,NFO,35510,246.95,40.35,1705294395,37698810,246.85,247.15,30,975,,,,
2024-01-15 10:23:15,tf,NFO,35510,246.95,40.35,1705294395,37698810,246.85,247.15,30,975,,,,
2024-01-15 10:23:15,tf,NFO,35510,247.10,40.44,1705294395,,,,,,,,,
2024-01-15 10:23:15,tf,NFO,35510,247.10,40.44,1705294395,,,,,,,,,
2024-01-15 10:23:16,tf,NFO,35510,247.40,40.61,1705294396,,,,,,,,,
2024-01-15 10:23:16,tf,NFO,35510,247.40,40.61,1705294396,,,,,,,,,
2024-01-15 10:23:17,tf,NFO,35510,247.35,40.58,1705294397,37705050,247.00,247.30,15,225,,,,
2024-01-15 10:23:17,tf,NFO,35510,247.35,40.58,1705294397,37705050,247.00,247.30,15,225,,,,
2024-01-15 10:23:17,tf,NFO,35510,246.40,40.04,1705294397,,,,,,,,,
2024-01-15 10:23:17,tf,NFO,35510,246.40,40.04,1705294397,,,,,,,,,
2024-01-15 10:23:18,tf,NFO,35510,246.80,40.27,1705294398,37713690,246.80,247.35,60,570,,,,
2024-01-15 10:23:18,tf,NFO,35510,246.80,40.27,1705294398,37713690,246.80,247.35,60,570,,,,
2024-01-15 10:23:18,tf,NFO,35510,247.10,40.44,1705294398,,,,,,,,,
2024-01-15 10:23:18,tf,NFO,35510,247.10,40.44,1705294398,,,,,,,,,
2024-01-15 10:23:19,tf,NFO,35510,246.60,40.15,1705294399,37714665,246.10,246.65,105,75,,,,
2024-01-15 10:23:19,tf,NFO,35510,246.60,40.15,1705294399,37714665,246.10,246.65,105,75,,,,
2024-01-15 10:23:20,tf,NFO,35510,246.25,39.95,1705294400,,,,,,,,,
2024-01-15 10:23:20,tf,NFO,35510,246.25,39.95,1705294400,,,,,,,,,
2024-01-15 10:23:20,tf,NFO,35510,246.70,40.21,1705294400,37717845,246.20,,60,30,,,,
2024-01-15 10:23:20,tf,NFO,35510,246.70,40.21,1705294400,37717845,246.20,,60,30,,,,
2024-01-15 10:23:21,tf,NFO,35510,246.55,40.13,1705294401,37718505,246.50,246.90,165,,,,,
2024-01-15 10:23:21,tf,NFO,35510,246.55,40.13,1705294401,37718505,246.50,246.90,165,,,,,
2024-01-15 10:23:21,tf,NFO,35510,246.50,40.10,1705294401,,,,,,,,,
2024-01-15 10:23:21,tf,NFO,35510,246.50,40.10,1705294401,,,,,,,,,
2024-01-15 10:23:22,tf,NFO,35510,246.40,40.04,1705294402,37720365,246.05,246.40,30,390,266.65,,,
2024-01-15 10:23:22,tf,NFO,35510,246.40,40.04,1705294402,37720365,246.05,246.40,30,390,266.65,,,
2024-01-15 10:23:22,tf,NFO,35510,246.15,39.90,1705294402,,,,,,,,,
2024-01-15 10:23:22,tf,NFO,35510,246.15,39.90,1705294402,,,,,,,,,
2024-01-15 10:23:23,tf,NFO,35510,245.00,39.24,1705294403,37737090,245.20,245.65,120,210,266.64,,,
2024-01-15 10:23:23,tf,NFO,35510,245.00,39.24,1705294403,37737090,245.20,245.65,120,210,266.64,,,
2024-01-15 10:23:24,tf,NFO,35510,245.20,39.36,1705294404,37740405,244.70,245.10,255,15,,,,
2024-01-15 10:23:24,tf,NFO,35510,245.20,39.36,1705294404,37740405,244.70,245.10,255,15,,,,
2024-01-15 10:23:25,tf,NFO,35510,244.25,38.82,1705294405,37748475,244.25,244.75,180,225,,,,
2024-01-15 10:23:25,tf,NFO,35510,244.25,38.82,1705294405,37748475,244.25,244.75,180,225,,,,
2024-01-15 10:23:25,tf,NFO,35510,244.65,39.05,1705294405,,,,,,,,,
2024-01-15 10:23:25,tf,NFO,35510,244.65,39.05,1705294405,,,,,,,,,
2024-01-15 10:23:26,tf,NFO,35510,244.90,39.19,1705294406,,,,,,,,,
2024-01-15 10:23:26,tf,NFO,35510,244.90,39.19,1705294406,,,,,,,,,
2024-01-15 10:23:26,tf,NFO,35510,244.45,38.93,1705294406,37753065,244.45,244.95,405,240,,,,
2024-01-15 10:23:26,tf,NFO,35510,244.45,38.93,1705294406,37753065,244.45,244.95,405,240,,,,
2024-01-15 10:23:27,tf,NFO,35510,243.70,38.51,1705294407,,,,,,,,,
2024-01-15 10:23:27,tf,NFO,35510,243.70,38.51,1705294407,,,,,,,,,
2024-01-15 10:23:27,tf,NFO,35510,244.25,38.82,1705294407,37757550,243.75,244.25,375,210,266.63,,,
2024-01-15 10:23:27,tf,NFO,35510,244.25,38.82,1705294407,37757550,243.75,244.25,375,210,266.63,,,
2024-01-15 10:23:28,tf,NFO,35510,243.20,38.22,1705294408,37760565,243.20,243.75,120,330,,,,
2024-01-15 10:23:28,tf,NFO,35510,243.20,38.22,1705294408,37760565,243.20,243.75,120,330,,,,
2024-01-15 10:23:29,tf,NFO,35510,243.60,38.45,1705294409,37765155,243.80,244.10,30,195,,,,
2024-01-15 10:23:29,tf,NFO,35510,243.60,38.45,1705294409,37765155,243.80,244.10,30,195,,,,
2024-01-15 10:23:29,tf,NFO,35510,244.40,38.90,1705294409,,,,,,,,,
2024-01-15 10:23:29,tf,NFO,35510,244.40,38.90,1705294409,,,,,,,,,
2024-01-15 10:23:30,tf,NFO,35510,244.25,38.82,1705294410,37769340,244.00,244.30,45,210,,,,
2024-01-15 10:23:30,tf,NFO,35510,244.25,38.82,1705294410,37769340,244.00,244.30,45,210,,,,
2024-01-15 10:23:30,tf,NFO,35510,244.30,38.85,1705294410,,,,,,,,,
2024-01-15 10:23:30,tf,NFO,35510,244.30,38.85,1705294410,,,,,,,,,
2024-01-15 10:23:31,tf,NFO,35510,244.40,38.90,1705294411,,,,,,,,,
2024-01-15 10:23:31,tf,NFO,35510,244.40,38.90,1705294411,,,,,,,,,
2024-01-15 10:23:31,tf,NFO,35510,244.75,39.10,1705294411,37775490,244.65,244.95,240,60,266.62,,,
2024-01-15 10:23:31,tf,NFO,35510,244.75,39.10,1705294411,37775490,244.65,244.95,240,60,266.62,,,
2024-01-15 10:23:32,tf,NFO,35510,244.60,39.02,1705294412,,,,,,,,,
2024-01-15 10:23:32,tf,NFO,35510,244.60,39.02,1705294412,,,,,,,,,
2024-01-15 10:23:33,tf,NFO,35510,244.70,39.07,1705294413,,,,,,,,,
2024-01-15 10:23:33,tf,NFO,35510,244.70,39.07,1705294413,,,,,,,,,
2024-01-15 10:23:33,tf,NFO,35510,244.95,39.22,1705294413,37778175,244.60,244.95,180,600,,,,
2024-01-15 10:23:33,tf,NFO,35510,244.95,39.22,1705294413,37778175,244.60,244.95,180,600,,,,
2024-01-15 10:23:34,tf,NFO,35510,244.90,39.19,1705294414,37779390,244.75,245.05,15,240,,,,
2024-01-15 10:23:34,tf,NFO,35510,244.90,39.19,1705294414,37779390,244.75,245.05,15,240,,,,
2024-01-15 10:23:35,tf,NFO,35510,245.40,39.47,1705294415,37781520,245.05,245.40,165,60,,,,
2024-01-15 10:23:35,tf,NFO,35510,245.40,39.47,1705294415,37781520,245.05,245.40,165,60,,,,
2024-01-15 10:23:35,tf,NFO,35510,245.05,39.27,1705294415,,,,,,,,,
2024-01-15 10:23:35,tf,NFO,35510,245.05,39.27,1705294415,,,,,,,,,
2024-01-15 10:23:36,tf,NFO,35510,245.35,39.44,1705294416,,,,,,,,,
2024-01-15 10:23:36,tf,NFO,35510,245.35,39.44,1705294416,,,,,,,,,
2024-01-15 10:23:36,tf,NFO,35510,245.85,39.73,1705294416,37786410,245.85,246.20,90,165,,,,
2024-01-15 10:23:36,tf,NFO,35510,245.85,39.73,1705294416,37786410,245.85,246.20,90,165,,,,
2024-01-15 10:23:37,tf,NFO,35510,246.30,39.98,1705294417,37787745,,246.15,15,180,266.61,,,
2024-01-15 10:23:37,tf,NFO,35510,246.30,39.98,1705294417,37787745,,246.15,15,180,266.61,,,
2024-01-15 10:23:37,tf,NFO,35510,246.15,39.90,1705294417,,,,,,,,,
2024-01-15 10:23:37,tf,NFO,35510,246.15,39.90,1705294417,,,,,,,,,
2024-01-15 10:23:38,tf,NFO,35510,247.75,40.81,1705294418,37790175,247.35,247.80,240,210,,,,
2024-01-15 10:23:38,tf,NFO,35510,247.75,40.81,1705294418,37790175,247.35,247.80,240,210,,,,
2024-01-15 10:23:38,tf,NFO,35510,247.55,40.69,1705294418,,,,,,,,,
2024-01-15 10:23:38,tf,NFO,35510,247.55,40.69,1705294418,,,,,,,,,
2024-01-15 10:23:39,tf,NFO,35510,247.20,40.49,1705294419,37792095,246.85,247.30,105,60,,,,
2024-01-15 10:23:39,tf,NFO,35510,247.20,40.49,1705294419,37792095,246.85,247.30,105,60,,,,
2024-01-15 10:23:39,tf,NFO,35510,247.70,40.78,1705294419,,,,,,,4822860,,
2024-01-15 10:23:39,tf,NFO,35510,247.70,40.78,1705294419,,,,,,,4822860,,
2024-01-15 10:23:40,tf,NFO,35510,246.00,39.81,1705294420,37794330,245.85,246.20,165,120,,,,
2024-01-15 10:23:40,tf,NFO,35510,246.00,39.81,1705294420,37794330,245.85,246.20,165,120,,,,
2024-01-15 10:23:40,tf,NFO,35510,245.50,39.53,1705294420,,,,,,,,,
2024-01-15 10:23:40,tf,NFO,35510,245.50,39.53,1705294420,,,,,,,,,
2024-01-15 10:23:41,tf,NFO,35510,245.80,39.70,1705294421,37796850,245.75,246.25,360,330,,,,
2024-01-15 10:23:41,tf,NFO,35510,245.80,39.70,1705294421,37796850,245.75,246.25,360,330,,,,
2024-01-15 10:23:41,tf,NFO,35510,245.85,39.73,1705294421,,,,,,,,,
2024-01-15 10:23:41,tf,NFO,35510,245.85,39.73,1705294421,,,,,,,,,
2024-01-15 10:23:42,tf,NFO,35510,245.35,39.44,1705294422,37798050,245.10,245.60,195,360,,,,
2024-01-15 10:23:42,tf,NFO,35510,245.35,39.44,1705294422,37798050,245.10,245.60,195,360,,,,
2024-01-15 10:23:42,tf,NFO,35510,246.00,39.81,1705294422,,,,,,,,,
2024-01-15 10:23:42,tf,NFO,35510,246.00,39.81,1705294422,,,,,,,,,
2024-01-15 10:23:43,tf,NFO,35510,246.60,40.15,1705294423,37798860,246.05,246.55,405,135,,,,
2024-01-15 10:23:43,tf,NFO,35510,246.60,40.15,1705294423,37798860,246.05,246.55,405,135,,,,
2024-01-15 10:23:43,tf,NFO,35510,246.35,40.01,1705294423,,,,,,,,,
2024-01-15 10:23:43,tf,NFO,35510,246.35,40.01,1705294423,,,,,,,,,
2024-01-15 10:23:44,tf,NFO,35510,246.05,39.84,1705294424,37800660,245.65,246.10,195,765,,,,
2024-01-15 10:23:44,tf,NFO,35510,246.05,39.84,1705294424,37800660,245.65,246.10,195,765,,,,
2024-01-15 10:23:44,tf,NFO,35510,245.60,39.59,1705294424,,,,,,,,,
2024-01-15 10:23:44,tf,NFO,35510,245.60,39.59,1705294424,,,,,,,,,
2024-01-15 10:23:45,tf,NFO,35510,245.65,39.61,1705294425,37801455,,246.15,255,330,,,,
2024-01-15 10:23:45,tf,NFO,35510,245.65,39.61,1705294425,37801455,,246.15,255,330,,,,
2024-01-15 10:23:45,tf,NFO,35510,246.00,39.81,1705294425,,,,,,,,,
2024-01-15 10:23:45,tf,NFO,35510,246.00,39.81,1705294425,,,,,,,,,
2024-01-15 10:23:46,tf,NFO,35510,245.60,39.59,1705294426,,,,,,,,,
2024-01-15 10:23:46,tf,NFO,35510,245.60,39.59,1705294426,,,,,,,,,
2024-01-15 10:23:47,tf,NFO,35510,244.65,39.05,1705294427,37812840,244.65,245.00,180,15,266.60,,,
2024-01-15 10:23:47,tf,NFO,35510,244.65,39.05,1705294427,37812840,244.65,245.00,180,15,266.60,,,
2024-01-15 10:23:48,tf,NFO,35510,244.95,39.22,1705294428,,,,,,,,,
2024-01-15 10:23:48,tf,NFO,35510,244.95,39.22,1705294428,,,,,,,,,
2024-01-15 10:23:48,tf,NFO,35510,244.35,38.87,1705294428,37814370,244.35,244.75,150,120,,,,
2024-01-15 10:23:48,tf,NFO,35510,244.35,38.87,1705294428,37814370,244.35,244.75,150,120,,,,
2024-01-15 10:23:49,tf,NFO,35510,245.30,39.41,1705294429,37816440,245.00,245.40,90,195,,,,
2024-01-15 10:23:49,tf,NFO,35510,245.30,39.41,1705294429,37816440,245.00,245.40,90,195,,,,
2024-01-15 10:23:49,tf,NFO,35510,245.10,39.30,1705294429,,,,,,,,,
2024-01-15 10:23:49,tf,NFO,35510,245.10,39.30,1705294429,,,,,,,,,
